@article{DBLP:journals/aim/FalknerFHSS16,
  author       = {Andreas A. Falkner and
                  Gerhard Friedrich and
                  Alois Haselb{\"{o}}ck and
                  Gottfried Schenner and
                  Herwig Schreiner},
  title        = {Twenty-Five Years of Successful Application of Constraint Technologies
                  at Siemens},
  journal      = {{AI} Mag.},
  volume       = {37},
  number       = {4},
  pages        = {67--80},
  year         = {2016},
  url          = {https://doi.org/10.1609/aimag.v37i4.2688},
  doi          = {10.1609/AIMAG.V37I4.2688},
  timestamp    = {Sun, 25 Jul 2021 11:38:38 +0200},
  biburl       = {https://dblp.org/rec/journals/aim/FalknerFHSS16.bib},
  bibsource    = {dblp computer science bibliography, https://dblp.org}
}

@inproceedings{DBLP:conf/aips/WinterMDM19,
  author       = {Felix Winter and
                  Nysret Musliu and
                  Emir Demirovic and
                  Christoph Mrkvicka},
  editor       = {J. Benton and
                  Nir Lipovetzky and
                  Eva Onaindia and
                  David E. Smith and
                  Siddharth Srivastava},
  title        = {Solution Approaches for an Automotive Paint Shop Scheduling Problem},
  booktitle    = {Proceedings of the Twenty-Ninth International Conference on Automated
                  Planning and Scheduling, {ICAPS} 2019, Berkeley, CA, USA, July 11-15,
                  2019},
  pages        = {573--581},
  publisher    = {{AAAI} Press},
  year         = {2019},
  url          = {https://ojs.aaai.org/index.php/ICAPS/article/view/3524},
  timestamp    = {Thu, 10 Aug 2023 15:31:45 +0200},
  biburl       = {https://dblp.org/rec/conf/aips/WinterMDM19.bib},
  bibsource    = {dblp computer science bibliography, https://dblp.org}
}

@inproceedings{DBLP:conf/cpaior/DemirovicS18,
  author       = {Emir Demirovic and
                  Peter J. Stuckey},
  editor       = {Willem Jan van Hoeve},
  title        = {Constraint Programming for High School Timetabling: {A} Scheduling-Based
                  Model with Hot Starts},
  booktitle    = {Integration of Constraint Programming, Artificial Intelligence, and
                  Operations Research - 15th International Conference, {CPAIOR} 2018,
                  Delft, The Netherlands, June 26-29, 2018, Proceedings},
  series       = {Lecture Notes in Computer Science},
  volume       = {10848},
  pages        = {135--152},
  publisher    = {Springer},
  year         = {2018},
  url          = {https://doi.org/10.1007/978-3-319-93031-2\_10},
  doi          = {10.1007/978-3-319-93031-2\_10},
  timestamp    = {Tue, 14 May 2019 10:00:47 +0200},
  biburl       = {https://dblp.org/rec/conf/cpaior/DemirovicS18.bib},
  bibsource    = {dblp computer science bibliography, https://dblp.org}
}

@inproceedings{DBLP:conf/aips/HornDY23,
  author       = {Matthias Horn and
                  Emir Demirovic and
                  Neil Yorke{-}Smith},
  editor       = {Sven Koenig and
                  Roni Stern and
                  Mauro Vallati},
  title        = {Parallel Batch Processing for the Coating Problem},
  booktitle    = {Proceedings of the Thirty-Third International Conference on Automated
                  Planning and Scheduling, July 8-13, 2023, Prague, Czech Republic},
  pages        = {171--179},
  publisher    = {{AAAI} Press},
  year         = {2023},
  url          = {https://doi.org/10.1609/icaps.v33i1.27192},
  doi          = {10.1609/ICAPS.V33I1.27192},
  timestamp    = {Wed, 20 Sep 2023 11:58:30 +0200},
  biburl       = {https://dblp.org/rec/conf/aips/HornDY23.bib},
  bibsource    = {dblp computer science bibliography, https://dblp.org}
}

@inproceedings{DBLP:conf/aaai/FalqueALM24,
  author       = {Thibault Falque and
                  Gilles Audemard and
                  Christophe Lecoutre and
                  Bertrand Mazure},
  editor       = {Michael J. Wooldridge and
                  Jennifer G. Dy and
                  Sriraam Natarajan},
  title        = {Check-In Desk Scheduling Optimisation at {CDG} International Airport},
  booktitle    = {Thirty-Eighth {AAAI} Conference on Artificial Intelligence, {AAAI}
                  2024, Thirty-Sixth Conference on Innovative Applications of Artificial
                  Intelligence, {IAAI} 2024, Fourteenth Symposium on Educational Advances
                  in Artificial Intelligence, {EAAI} 2014, February 20-27, 2024, Vancouver,
                  Canada},
  pages        = {22743--22751},
  publisher    = {{AAAI} Press},
  year         = {2024},
  url          = {https://doi.org/10.1609/aaai.v38i21.30308},
  doi          = {10.1609/AAAI.V38I21.30308},
  timestamp    = {Wed, 27 Mar 2024 16:01:52 +0100},
  biburl       = {https://dblp.org/rec/conf/aaai/FalqueALM24.bib},
  bibsource    = {dblp computer science bibliography, https://dblp.org}
}

@article{DBLP:journals/constraints/Darby-DowmanLMZ97,
  author       = {Ken Darby{-}Dowman and
                  James Little and
                  Gautam Mitra and
                  Marco Zaffalon},
  title        = {Constraint Logic Programming and Integer Programming Approaches and
                  Their Collaboration in Solving an Assignment Scheduling Problem},
  journal      = {Constraints An Int. J.},
  volume       = {1},
  number       = {3},
  pages        = {245--264},
  year         = {1997},
  url          = {https://doi.org/10.1007/BF00137871},
  doi          = {10.1007/BF00137871},
  timestamp    = {Wed, 29 Apr 2020 12:11:12 +0200},
  biburl       = {https://dblp.org/rec/journals/constraints/Darby-DowmanLMZ97.bib},
  bibsource    = {dblp computer science bibliography, https://dblp.org}
}

@article{DBLP:journals/rcim/FioreAN24,
  author       = {Mario Daniele Fiore and
                  Felix Allmendinger and
                  Ciro Natale},
  title        = {A general constraint-based programming framework for multi-robot applications},
  journal      = {Robotics Comput. Integr. Manuf.},
  volume       = {86},
  pages        = {102665},
  year         = {2024},
  url          = {https://doi.org/10.1016/j.rcim.2023.102665},
  doi          = {10.1016/J.RCIM.2023.102665},
  timestamp    = {Fri, 26 Jan 2024 07:56:50 +0100},
  biburl       = {https://dblp.org/rec/journals/rcim/FioreAN24.bib},
  bibsource    = {dblp computer science bibliography, https://dblp.org}
}

@phdthesis{DBLP:phd/hal/Gharbi21,
  author       = {Amna Gharbi},
  title        = {Constraint programming for design space exploration of dataflow applications
                  on multi-bus architectures. (Une approche bas{\'{e}}e programmation
                  par contraintes pour l'exploration d'architectures multi bus pour
                  les applications flots de donn{\'{e}}es)},
  school       = {Polytechnic Institute of Paris, France},
  year         = {2021},
  url          = {https://tel.archives-ouvertes.fr/tel-03515492},
  timestamp    = {Wed, 26 Jan 2022 22:09:49 +0100},
  biburl       = {https://dblp.org/rec/phd/hal/Gharbi21.bib},
  bibsource    = {dblp computer science bibliography, https://dblp.org}
}

@phdthesis{DBLP:phd/basesearch/Miccono20,
  author       = {Cristian Galleguillos},
  title        = {Constraint Programming-based Job Dispatching for Modern {HPC} Applications},
  school       = {University of Bologna, Italy},
  year         = {2020},
  url          = {http://amsdottorato.unibo.it/9497/},
  timestamp    = {Fri, 06 May 2022 23:08:22 +0200},
  biburl       = {https://dblp.org/rec/phd/basesearch/Miccono20.bib},
  bibsource    = {dblp computer science bibliography, https://dblp.org}
}

@article{DBLP:journals/corr/abs-2009-10348,
  author       = {Cristian Galleguillos and
                  Zeynep Kiziltan and
                  Ricardo Soto},
  title        = {A Constraint Programming-based Job Dispatcher for Modern {HPC} Systems
                  and Applications},
  journal      = {CoRR},
  volume       = {abs/2009.10348},
  year         = {2020},
  url          = {https://arxiv.org/abs/2009.10348},
  eprinttype    = {arXiv},
  eprint       = {2009.10348},
  timestamp    = {Wed, 23 Sep 2020 15:51:46 +0200},
  biburl       = {https://dblp.org/rec/journals/corr/abs-2009-10348.bib},
  bibsource    = {dblp computer science bibliography, https://dblp.org}
}

@incollection{DBLP:books/sp/19/BocewiczKB19,
  author       = {Grzegorz Bocewicz and
                  Ryszard Klempous and
                  Zbigniew Banaszak},
  editor       = {Ryszard Klempous and
                  Jan Nikodem and
                  P{\'{e}}ter Zolt{\'{a}}n Baranyi},
  title        = {Constraints Programming Driven Decision Support System for Rapid Production
                  Flow Planning},
  booktitle    = {Cognitive Infocommunications, Theory and Applications},
  series       = {Topics in Intelligent Engineering and Informatics},
  pages        = {391--410},
  publisher    = {Springer},
  year         = {2019},
  url          = {https://doi.org/10.1007/978-3-319-95996-2\_18},
  doi          = {10.1007/978-3-319-95996-2\_18},
  timestamp    = {Tue, 06 Dec 2022 13:16:01 +0100},
  biburl       = {https://dblp.org/rec/books/sp/19/BocewiczKB19.bib},
  bibsource    = {dblp computer science bibliography, https://dblp.org}
}

@phdthesis{DBLP:phd/basesearch/Dejemeppe16,
  author       = {Cyrille Dejemeppe},
  title        = {Constraint programming algorithms and models for scheduling applications},
  school       = {Catholic University of Louvain, Louvain-la-Neuve, Belgium},
  year         = {2016},
  url          = {https://hdl.handle.net/2078.1/178078},
  timestamp    = {Wed, 04 May 2022 13:00:17 +0200},
  biburl       = {https://dblp.org/rec/phd/basesearch/Dejemeppe16.bib},
  bibsource    = {dblp computer science bibliography, https://dblp.org}
}

@inproceedings{DBLP:conf/cp/LeeL14,
  author       = {Jasper C. H. Lee and
                  Jimmy H. M. Lee},
  editor       = {Barry O'Sullivan},
  title        = {Towards Practical Infinite Stream Constraint Programming: Applications
                  and Implementation},
  booktitle    = {Principles and Practice of Constraint Programming - 20th International
                  Conference, {CP} 2014, Lyon, France, September 8-12, 2014. Proceedings},
  series       = {Lecture Notes in Computer Science},
  volume       = {8656},
  pages        = {449--464},
  publisher    = {Springer},
  year         = {2014},
  url          = {https://doi.org/10.1007/978-3-319-10428-7\_34},
  doi          = {10.1007/978-3-319-10428-7\_34},
  timestamp    = {Tue, 14 May 2019 10:00:45 +0200},
  biburl       = {https://dblp.org/rec/conf/cp/LeeL14.bib},
  bibsource    = {dblp computer science bibliography, https://dblp.org}
}

@phdthesis{DBLP:phd/hal/Raffin11,
  author       = {Erwan Raffin},
  title        = {D{\'{e}}ploiement d'applications multim{\'{e}}dia sur architecture
                  reconfigurable {\`{a}} gros grain : mod{\'{e}}lisation avec la
                  programmation par contraintes. (Deployment of multimedia applications
                  on coarse grained reconfigurable architecture: modeling using constraint
                  programming)},
  school       = {University of Rennes 1, France},
  year         = {2011},
  url          = {https://tel.archives-ouvertes.fr/tel-00642330},
  timestamp    = {Tue, 21 Jul 2020 00:40:35 +0200},
  biburl       = {https://dblp.org/rec/phd/hal/Raffin11.bib},
  bibsource    = {dblp computer science bibliography, https://dblp.org}
}

@incollection{DBLP:reference/fai/Simonis06,
  author       = {Helmut Simonis},
  editor       = {Francesca Rossi and
                  Peter van Beek and
                  Toby Walsh},
  title        = {Constraint Applications in Networks},
  booktitle    = {Handbook of Constraint Programming},
  series       = {Foundations of Artificial Intelligence},
  volume       = {2},
  pages        = {875--903},
  publisher    = {Elsevier},
  year         = {2006},
  url          = {https://doi.org/10.1016/S1574-6526(06)80029-5},
  doi          = {10.1016/S1574-6526(06)80029-5},
  timestamp    = {Tue, 23 Jan 2024 13:25:47 +0100},
  biburl       = {https://dblp.org/rec/reference/fai/Simonis06.bib},
  bibsource    = {dblp computer science bibliography, https://dblp.org}
}

@article{DBLP:journals/spe/LoiaQ99,
  author       = {Vincenzo Loia and
                  Michel Quaggetto},
  title        = {Embed Finite Domain Constraint Programming into Java and some Web-based
                  Applications},
  journal      = {Softw. Pract. Exp.},
  volume       = {29},
  number       = {4},
  pages        = {311--339},
  year         = {1999},
  url          = {https://doi.org/10.1002/(SICI)1097-024X(19990410)29:4\<311::AID-SPE236\>3.0.CO;2-X},
  doi          = {10.1002/(SICI)1097-024X(19990410)29:4\<311::AID-SPE236\>3.0.CO;2-X},
  timestamp    = {Thu, 09 Apr 2020 17:14:07 +0200},
  biburl       = {https://dblp.org/rec/journals/spe/LoiaQ99.bib},
  bibsource    = {dblp computer science bibliography, https://dblp.org}
}

@article{DBLP:journals/air/Day97,
  author       = {William B. Day},
  title        = {Expressive Applications of Constraint Logic Programming},
  journal      = {Artif. Intell. Rev.},
  volume       = {11},
  number       = {6},
  pages        = {427--452},
  year         = {1997},
  url          = {https://doi.org/10.1023/A:1017967318323},
  doi          = {10.1023/A:1017967318323},
  timestamp    = {Wed, 17 May 2017 14:25:43 +0200},
  biburl       = {https://dblp.org/rec/journals/air/Day97.bib},
  bibsource    = {dblp computer science bibliography, https://dblp.org}
}

@article{DBLP:journals/constraints/Wallace96,
  author       = {Mark Wallace},
  title        = {Practical Applications of Constraint Programming},
  journal      = {Constraints An Int. J.},
  volume       = {1},
  number       = {1/2},
  pages        = {139--168},
  year         = {1996},
  url          = {https://doi.org/10.1007/BF00143881},
  doi          = {10.1007/BF00143881},
  timestamp    = {Fri, 13 Mar 2020 10:58:30 +0100},
  biburl       = {https://dblp.org/rec/journals/constraints/Wallace96.bib},
  bibsource    = {dblp computer science bibliography, https://dblp.org}
}

@inproceedings{DBLP:conf/cp/Puget95,
  author       = {Jean{-}Francois Puget},
  editor       = {Ugo Montanari and
                  Francesca Rossi},
  title        = {Applications of Constraint Programming},
  booktitle    = {Principles and Practice of Constraint Programming - CP'95, First International
                  Conference, CP'95, Cassis, France, September 19-22, 1995, Proceedings},
  series       = {Lecture Notes in Computer Science},
  volume       = {976},
  pages        = {647--650},
  publisher    = {Springer},
  year         = {1995},
  url          = {https://doi.org/10.1007/3-540-60299-2\_43},
  doi          = {10.1007/3-540-60299-2\_43},
  timestamp    = {Tue, 23 Jan 2024 13:25:46 +0100},
  biburl       = {https://dblp.org/rec/conf/cp/Puget95.bib},
  bibsource    = {dblp computer science bibliography, https://dblp.org}
}

@inproceedings{DBLP:conf/cp/Touraivane95,
  author       = {Toura{\"{\i}}vane},
  editor       = {Ugo Montanari and
                  Francesca Rossi},
  title        = {Constraint Programming and Industrial Applications},
  booktitle    = {Principles and Practice of Constraint Programming - CP'95, First International
                  Conference, CP'95, Cassis, France, September 19-22, 1995, Proceedings},
  series       = {Lecture Notes in Computer Science},
  volume       = {976},
  pages        = {640--642},
  publisher    = {Springer},
  year         = {1995},
  url          = {https://doi.org/10.1007/3-540-60299-2\_41},
  doi          = {10.1007/3-540-60299-2\_41},
  timestamp    = {Tue, 23 Jan 2024 13:25:46 +0100},
  biburl       = {https://dblp.org/rec/conf/cp/Touraivane95.bib},
  bibsource    = {dblp computer science bibliography, https://dblp.org}
}

@inproceedings{DBLP:conf/iclp/Simonis95,
  author       = {Helmut Simonis},
  editor       = {Leon Sterling},
  title        = {Applications of Constraint Logic Programming},
  booktitle    = {Logic Programming, Proceedings of the Twelfth International Conference
                  on Logic Programming, Tokyo, Japan, June 13-16, 1995},
  pages        = {9--11},
  publisher    = {{MIT} Press},
  year         = {1995},
  timestamp    = {Mon, 02 Dec 2013 17:40:45 +0100},
  biburl       = {https://dblp.org/rec/conf/iclp/Simonis95.bib},
  bibsource    = {dblp computer science bibliography, https://dblp.org}
}

@incollection{DBLP:books/el/beierleP95/BreitingerL95,
  author       = {Silvia Breitinger and
                  Hendrik C. R. Lock},
  editor       = {Christoph Beierle and
                  Lutz Pl{\"{u}}mer},
  title        = {Using Constraint Logic Programming for Industrial Scheduling Problems},
  booktitle    = {Logic Programming: Formal Methods and Practical Applications, Studies
                  in Computer Science and Artificial Intelligence},
  pages        = {273--299},
  publisher    = {Elsevier Science B.V./North-Holland},
  year         = {1995},
  timestamp    = {Mon, 05 Aug 2019 11:57:50 +0200},
  biburl       = {https://dblp.org/rec/books/el/beierleP95/BreitingerL95.bib},
  bibsource    = {dblp computer science bibliography, https://dblp.org}
}

