@article{ParrelloK86,
  author       = {Bruce D. Parrello and
                  Waldo C. Kabat},
  title        = {Job-Shop Scheduling Using Automated Reasoning: {A} Case Study of the
                  Car-Sequencing Problem},
  journal      = {J. Autom. Reason.},
  volume       = {2},
  number       = {1},
  pages        = {1--42},
  year         = {1986},
  url          = {https://doi.org/10.1007/BF00246021},
  doi          = {10.1007/BF00246021},
  timestamp    = {Mon, 28 Aug 2023 21:35:22 +0200},
  biburl       = {https://dblp.org/rec/journals/jar/ParrelloK86.bib},
  bibsource    = {dblp computer science bibliography, https://dblp.org}
}

@inproceedings{DincbasSH88,
  author       = {Mehmet Dincbas and
                  Helmut Simonis and
                  Pascal Van Hentenryck},
  editor       = {Yves Kodratoff},
  title        = {Solving the Car-Sequencing Problem in Constraint Logic Programming},
  booktitle    = {8th European Conference on Artificial Intelligence, {ECAI} 1988, Munich,
                  Germany, August 1-5, 1988, Proceedings},
  pages        = {290--295},
  publisher    = {Pitmann Publishing, London},
  year         = {1988},
  doi          = {10.5555/3069907.3069971},
  timestamp    = {Tue, 30 Jul 2019 13:42:25 +0200},
  biburl       = {https://dblp.org/rec/conf/ecai/DincbasSH88.bib},
  bibsource    = {dblp computer science bibliography, https://dblp.org}
}

@article{SolnonCNA08,
  author       = {Christine Solnon and
                  Van{-}Dat Cung and
                  Alain Nguyen and
                  Christian Artigues},
  title        = {The car sequencing problem: Overview of state-of-the-art methods and
                  industrial case-study of the ROADEF'2005 challenge problem},
  journal      = {Eur. J. Oper. Res.},
  volume       = {191},
  number       = {3},
  pages        = {912--927},
  year         = {2008},
  url          = {https://doi.org/10.1016/j.ejor.2007.04.033},
  doi          = {10.1016/J.EJOR.2007.04.033},
  timestamp    = {Fri, 21 Feb 2020 13:19:16 +0100},
  biburl       = {https://dblp.org/rec/journals/eor/SolnonCNA08.bib},
  bibsource    = {dblp computer science bibliography, https://dblp.org}
}

@inproceedings{GottliebPS03,
  author       = {Jens Gottlieb and
                  Markus Puchta and
                  Christine Solnon},
  editor       = {G{\"{u}}nther R. Raidl and
                  Jean{-}Arcady Meyer and
                  Martin Middendorf and
                  Stefano Cagnoni and
                  Juan J. Romero Cardalda and
                  David Corne and
                  Jens Gottlieb and
                  Agn{\`{e}}s Guillot and
                  Emma Hart and
                  Colin G. Johnson and
                  Elena Marchiori},
  title        = {A Study of Greedy, Local Search, and Ant Colony Optimization Approaches
                  for Car Sequencing Problems},
  booktitle    = {Applications of Evolutionary Computing, EvoWorkshop 2003: EvoBIO,
                  EvoCOP, EvoIASP, EvoMUSART, EvoROB, and EvoSTIM, Essex, UK, April
                  14-16, 2003, Proceedings},
  series       = {Lecture Notes in Computer Science},
  volume       = {2611},
  pages        = {246--257},
  publisher    = {Springer},
  year         = {2003},
  url          = {https://doi.org/10.1007/3-540-36605-9_23},
  doi          = {10.1007/3-540-36605-9_23},
  timestamp    = {Tue, 14 May 2019 10:00:37 +0200},
  biburl       = {https://dblp.org/rec/conf/evoW/GottliebPS03.bib},
  bibsource    = {dblp computer science bibliography, https://dblp.org}
}

@phdthesis{Siala15,
  author       = {Mohamed Siala},
  title        = {Search, propagation, and learning in sequencing and scheduling problems.
                  (Recherche, propagation et apprentissage dans les probl{\`{e}}mes
                  de s{\'{e}}quencement et d'ordonnancement)},
  school       = {{INSA} Toulouse, France},
  year         = {2015},
  url          = {https://tel.archives-ouvertes.fr/tel-01164291},
  timestamp    = {Thu, 21 Jan 2021 17:34:11 +0100},
  biburl       = {https://dblp.org/rec/phd/hal/Siala15.bib},
  bibsource    = {dblp computer science bibliography, https://dblp.org}
}

@article{SialaHH155,
  author       = {Mohamed Siala and
                  Emmanuel Hebrard and
                  Marie{-}Jos{\'{e}} Huguet},
  title        = {A study of constraint programming heuristics for the car-sequencing
                  problem},
  journal      = {Eng. Appl. Artif. Intell.},
  volume       = {38},
  pages        = {34--44},
  year         = {2015},
  url          = {https://doi.org/10.1016/j.engappai.2014.10.009},
  doi          = {10.1016/J.ENGAPPAI.2014.10.009},
  timestamp    = {Thu, 20 Feb 2020 15:42:02 +0100},
  biburl       = {https://dblp.org/rec/journals/eaai/0002HH15.bib},
  bibsource    = {dblp computer science bibliography, https://dblp.org}
}

@article{SialaHH14,
  author       = {Mohamed Siala and
                  Emmanuel Hebrard and
                  Marie{-}Jos{\'{e}} Huguet},
  title        = {An optimal arc consistency algorithm for a particular case of sequence
                  constraint},
  journal      = {Constraints An Int. J.},
  volume       = {19},
  number       = {1},
  pages        = {30--56},
  year         = {2014},
  url          = {https://doi.org/10.1007/s10601-013-9150-6},
  doi          = {10.1007/S10601-013-9150-6},
  timestamp    = {Fri, 13 Mar 2020 10:58:24 +0100},
  biburl       = {https://dblp.org/rec/journals/constraints/0002HH14.bib},
  bibsource    = {dblp computer science bibliography, https://dblp.org}
}

@article{OzturkTHO13,
  author       = {Cemalettin {\"{O}}zt{\"{u}}rk and
                  Semra Tunali and
                  Brahim Hnich and
                  M. Arslan Ornek},
  title        = {Balancing and scheduling of flexible mixed model assembly lines},
  journal      = {Constraints An Int. J.},
  volume       = {18},
  number       = {3},
  pages        = {434--469},
  year         = {2013},
  url          = {https://doi.org/10.1007/s10601-013-9142-6},
  doi          = {10.1007/S10601-013-9142-6},
  timestamp    = {Sat, 30 Sep 2023 10:07:49 +0200},
  biburl       = {https://dblp.org/rec/journals/constraints/OzturkTHO13.bib},
  bibsource    = {dblp computer science bibliography, https://dblp.org}
}


@article{Gent98,
  title={Two results on car-sequencing problems},
  author={Gent, Ian P},
  journal={Report University of Strathclyde, APES-02-98},
  volume={7},
  year={1998}
}

@article{Schaus09,
  title={Solving balancing and bin-packing problems with constraint programming},
  author={Schaus, Pierre},
  journal={These de doctorat, Universit{\'e} catholique de Louvain},
  year={2009}
}

@inproceedings{PerronS04,
  author       = {Laurent Perron and
                  Paul Shaw},
  editor       = {Jean{-}Charles R{\'{e}}gin and
                  Michel Rueher},
  title        = {Combining Forces to Solve the Car Sequencing Problem},
  booktitle    = {Integration of {AI} and {OR} Techniques in Constraint Programming
                  for Combinatorial Optimization Problems, First International Conference,
                  {CPAIOR} 2004, Nice, France, April 20-22, 2004, Proceedings},
  series       = {Lecture Notes in Computer Science},
  volume       = {3011},
  pages        = {225--239},
  publisher    = {Springer},
  year         = {2004},
  url          = {https://doi.org/10.1007/978-3-540-24664-0_16},
  doi          = {10.1007/978-3-540-24664-0_16},
  timestamp    = {Tue, 14 May 2019 10:00:47 +0200},
  biburl       = {https://dblp.org/rec/conf/cpaior/PerronS04.bib},
  bibsource    = {dblp computer science bibliography, https://dblp.org}
}


@article{YavuzE18,
  title={Advanced constraint propagation for the combined car sequencing and level scheduling problem},
  author={Yavuz, Mesut and Ergin, H{\"u}seyin},
  journal={Computers \& Operations Research},
  volume={100},
  pages={128--139},
  year={2018},
  publisher={Elsevier}
}

@article{WinterM21,
  title={Constraint-based Scheduling for Paint Shops in the Automotive Supply Industry},
  author={Winter, Felix and Musliu, Nysret},
  journal={ACM Transactions on Intelligent Systems and Technology (TIST)},
  volume={12},
  number={2},
  pages={1--25},
  year={2021},
  publisher={ACM New York, NY, USA}
}

@inproceedings{ThiruvadyME11,
  title={Car sequencing with constraint-based ACO},
  author={Thiruvady, Dhananjay Raghavan and Meyer, Bernd and Ernst, Andreas},
  booktitle={Proceedings of the 13th annual conference on Genetic and evolutionary computation},
  pages={163--170},
  year={2011}
}

@inproceedings{ButaruH05,
  title={The car-sequencing problem as n-ary CSP--Sequential and parallel solving},
  author={Butaru, Mihaela and Habbas, Zineb},
  booktitle={AI 2005: Advances in Artificial Intelligence: 18th Australian Joint Conference on Artificial Intelligence, Sydney, Australia, December 5-9, 2005. Proceedings 18},
  pages={875--878},
  year={2005},
  organization={Springer}
}

@article{MazurN15,
  title={A Two-stage approach for an optimum solution of the car assembly scheduling problem. Part 2. CLP solution and real-world example},
  author={Mazur, Micha{\l} and Niederli{\'n}ski, Antoni},
  journal={Archives of Control Sciences},
  volume={25},
  number={3},
  pages={367--375},
  year={2015}
}

@techreport{MatthiessenDK00,
  title={Constraint propagation algorithms for the car sequencing problem},
  author={Matthie{\ss}en, Lars and Drexl, Andreas and Kimms, Alf},
  year={2000},
  institution={Manuskripte aus den Instituten f{\"u}r Betriebswirtschaftslehre der Universit{\"a}t Kiel}
}


@inproceedings{ReginP97,
  author       = {Jean{-}Charles R{\'{e}}gin and
                  Jean{-}Francois Puget},
  editor       = {Gert Smolka},
  title        = {A Filtering Algorithm for Global Sequencing Constraints},
  booktitle    = {Principles and Practice of Constraint Programming - CP97, Third International
                  Conference, Linz, Austria, October 29 - November 1, 1997, Proceedings},
  series       = {Lecture Notes in Computer Science},
  volume       = {1330},
  pages        = {32--46},
  publisher    = {Springer},
  year         = {1997},
  url          = {https://doi.org/10.1007/BFb0017428},
  doi          = {10.1007/BFB0017428},
  timestamp    = {Tue, 14 May 2019 10:00:45 +0200},
  biburl       = {https://dblp.org/rec/conf/cp/ReginP97.bib},
  bibsource    = {dblp computer science bibliography, https://dblp.org}
}

@inproceedings{Mayer-EichbergerW13,
  author       = {Valentin Mayer{-}Eichberger and
                  Toby Walsh},
  editor       = {Daniel Le Berre},
  title        = {{SAT} Encodings for the Car Sequencing Problem},
  booktitle    = {{POS-13.} Fourth Pragmatics of {SAT} workshop, a workshop of the {SAT}
                  2013 conference, July 7, 2013, Helsinki, Finland},
  series       = {EPiC Series in Computing},
  volume       = {29},
  pages        = {15--27},
  publisher    = {EasyChair},
  year         = {2013},
  url          = {https://doi.org/10.29007/jrsp},
  doi          = {10.29007/JRSP},
  timestamp    = {Sun, 15 Aug 2021 00:16:54 +0200},
  biburl       = {https://dblp.org/rec/conf/sat/Mayer-EichbergerW13.bib},
  bibsource    = {dblp computer science bibliography, https://dblp.org}
}

@inproceedings{ArtiguesHM0W14,
  author       = {Christian Artigues and
                  Emmanuel Hebrard and
                  Valentin Mayer{-}Eichberger and
                  Mohamed Siala and
                  Toby Walsh},
  editor       = {Helmut Simonis},
  title        = {{SAT} and Hybrid Models of the Car Sequencing Problem},
  booktitle    = {Integration of {AI} and {OR} Techniques in Constraint Programming
                  - 11th International Conference, {CPAIOR} 2014, Cork, Ireland, May
                  19-23, 2014. Proceedings},
  series       = {Lecture Notes in Computer Science},
  volume       = {8451},
  pages        = {268--283},
  publisher    = {Springer},
  year         = {2014},
  url          = {https://doi.org/10.1007/978-3-319-07046-9_19},
  doi          = {10.1007/978-3-319-07046-9_19},
  timestamp    = {Tue, 14 May 2019 10:00:47 +0200},
  biburl       = {https://dblp.org/rec/conf/cpaior/ArtiguesHM0W14.bib},
  bibsource    = {dblp computer science bibliography, https://dblp.org}
}

@article{HindiP94,
  title = {Formulation and solution of a selection and sequencing problem in car manufacture},
  volume = {26},
  ISSN = {0360-8352},
  url = {http://dx.doi.org/10.1016/0360-8352(94)90038-8},
  DOI = {10.1016/0360-8352(94)90038-8},
  number = {1},
  journal = {Computers \& Industrial Engineering},
  publisher = {Elsevier BV},
  author = {Hindi,  Khalil S. and Ploszajski,  Grzegorz},
  year = {1994},
  month = jan,
  pages = {203–211}
}

@article{HoevePRS09,
  title = {New filtering algorithms for combinations of among constraints},
  volume = {14},
  ISSN = {1572-9354},
  url = {http://dx.doi.org/10.1007/s10601-008-9067-7},
  DOI = {10.1007/s10601-008-9067-7},
  number = {2},
  journal = {Constraints},
  publisher = {Springer Science and Business Media LLC},
  author = {van Hoeve,  Willem-Jan and Pesant,  Gilles and Rousseau,  Louis-Martin and Sabharwal,  Ashish},
  year = {2009},
  month = jan,
  pages = {273–292}
}

@inproceedings{HoevePRS06,
  author       = {Willem Jan van Hoeve and
                  Gilles Pesant and
                  Louis{-}Martin Rousseau and
                  Ashish Sabharwal},
  editor       = {Fr{\'{e}}d{\'{e}}ric Benhamou},
  title        = {Revisiting the Sequence Constraint},
  booktitle    = {Principles and Practice of Constraint Programming - {CP} 2006, 12th
                  International Conference, {CP} 2006, Nantes, France, September 25-29,
                  2006, Proceedings},
  series       = {Lecture Notes in Computer Science},
  volume       = {4204},
  pages        = {620--634},
  publisher    = {Springer},
  year         = {2006},
  url          = {https://doi.org/10.1007/11889205_44},
  doi          = {10.1007/11889205_44},
  timestamp    = {Tue, 14 May 2019 10:00:45 +0200},
  biburl       = {https://dblp.org/rec/conf/cp/HoevePRS06.bib},
  bibsource    = {dblp computer science bibliography, https://dblp.org}
}



@article{WarwickT95,
  title = {Tackling Car Sequencing Problems Using a Generic Genetic Algorithm},
  volume = {3},
  ISSN = {1530-9304},
  url = {http://dx.doi.org/10.1162/evco.1995.3.3.267},
  DOI = {10.1162/evco.1995.3.3.267},
  number = {3},
  journal = {Evolutionary Computation},
  publisher = {MIT Press - Journals},
  author = {Warwick,  Terry and Tsang,  Edward P. K.},
  year = {1995},
  month = sep,
  pages = {267–298}
}

@article{Kis04,
  title = {On the complexity of the car sequencing problem},
  volume = {32},
  ISSN = {0167-6377},
  url = {http://dx.doi.org/10.1016/j.orl.2003.09.003},
  DOI = {10.1016/j.orl.2003.09.003},
  number = {4},
  journal = {Operations Research Letters},
  publisher = {Elsevier BV},
  author = {Kis,  Tamás},
  year = {2004},
  month = jul,
  pages = {331–335}
}

@article{BoysenFS09,
  title = {Sequencing mixed-model assembly lines: Survey,  classification and model critique},
  volume = {192},
  ISSN = {0377-2217},
  url = {http://dx.doi.org/10.1016/j.ejor.2007.09.013},
  DOI = {10.1016/j.ejor.2007.09.013},
  number = {2},
  journal = {European Journal of Operational Research},
  publisher = {Elsevier BV},
  author = {Boysen,  Nils and Fliedner,  Malte and Scholl,  Armin},
  year = {2009},
  month = jan,
  pages = {349–373}
}

@article{ZhangGWH17,
  title = {Parallel Construction Heuristic Combined with Constraint Propagation for the Car Sequencing Problem},
  volume = {30},
  ISSN = {2192-8258},
  url = {http://dx.doi.org/10.1007/s10033-017-0083-7},
  DOI = {10.1007/s10033-017-0083-7},
  number = {2},
  journal = {Chinese Journal of Mechanical Engineering},
  publisher = {Springer Science and Business Media LLC},
  author = {ZHANG,  Xiangyang and GAO,  Liang and WEN,  Long and HUANG,  Zhaodong},
  year = {2017},
  month = mar,
  pages = {373–384}
}

@article{YuLZCLW22,
  title = {Heuristic approaches for the car sequencing problems with block batches},
  volume = {2022},
  ISSN = {1687-1499},
  url = {http://dx.doi.org/10.1186/s13638-022-02113-7},
  DOI = {10.1186/s13638-022-02113-7},
  number = {1},
  journal = {EURASIP Journal on Wireless Communications and Networking},
  publisher = {Springer Science and Business Media LLC},
  author = {Yu,  Yingjie and Lu,  Xiaochun and Zhao,  Tao and Cheng,  Minjiao and Liu,  Lin and Wei,  Wenchao},
  year = {2022},
  month = mar 
}

@article{GolleRB14,
  title = {Iterative beam search for car sequencing},
  volume = {226},
  ISSN = {1572-9338},
  url = {http://dx.doi.org/10.1007/s10479-014-1733-0},
  DOI = {10.1007/s10479-014-1733-0},
  number = {1},
  journal = {Annals of Operations Research},
  publisher = {Springer Science and Business Media LLC},
  author = {Golle,  Uli and Rothlauf,  Franz and Boysen,  Nils},
  year = {2014},
  month = oct,
  pages = {239–254}
}

@article{MoyaCB19,
  title = {Constructive metaheuristics for solving the Car Sequencing Problem under uncertain partial demand},
  volume = {137},
  ISSN = {0360-8352},
  url = {http://dx.doi.org/10.1016/j.cie.2019.106048},
  DOI = {10.1016/j.cie.2019.106048},
  journal = {Computers \& Industrial Engineering},
  publisher = {Elsevier BV},
  author = {Moya,  Ignacio and Chica,  Manuel and Bautista,  Joaquín},
  year = {2019},
  month = nov,
  pages = {106048}
}






