@misc{csplib:prob073,
title        = {{CSPLib} Problem 073: Test Scheduling Problem},
author       = {Morten Mossige},
editor       = {Jefferson, Christopher and Miguel, Ian and Hnich, Brahim and Walsh, Toby and Gent, Ian P.},
booktitle    = {{CSPLib}: A problem library for constraints},
year=2015,
howpublished = {\url{http://www.csplib.org/Problems/prob073}}
}

@misc{csplib,
title        = {{CSPLib}: A problem library for constraints},
editor       = {Jefferson, Christopher and Miguel, Ian and Hnich, Brahim and Walsh, Toby and Gent, Ian P.},
year         = 1999,
howpublished = {\url{http://www.csplib.org}},
}

@misc{SimonisTack2021,
author={Helmut Simonis and Guido Tack},
title={Visualization for Constraint Programming},
booktitle={CP 2021},
year=2021,
howpublished={Tutorial at CP 2021, \url{https://zenodo.org/record/5589114}}
}

@inproceedings{DBLP:conf/cp/NethercoteSBBDT07,
  author       = {Nicholas Nethercote and
                  Peter J. Stuckey and
                  Ralph Becket and
                  Sebastian Brand and
                  Gregory J. Duck and
                  Guido Tack},
  editor       = {Christian Bessiere},
  title        = {{MiniZinc}: Towards a Standard {CP} Modelling Language},
  booktitle    = {Principles and Practice of Constraint Programming - {CP} 2007, 13th
                  International Conference, {CP} 2007, Providence, RI, USA, September
                  23-27, 2007, Proceedings},
  series       = {Lecture Notes in Computer Science},
  volume       = {4741},
  pages        = {529--543},
  publisher    = {Springer},
  year         = {2007},
  url          = {https://doi.org/10.1007/978-3-540-74970-7\_38},
  doi          = {10.1007/978-3-540-74970-7\_38},
  timestamp    = {Sun, 02 Oct 2022 15:58:03 +0200},
  biburl       = {https://dblp.org/rec/conf/cp/NethercoteSBBDT07.bib},
  bibsource    = {dblp computer science bibliography, https://dblp.org}
}

@inproceedings{Simonis2015,
author={Helmut Simonis},
title={Lessons Learned from Developing an On-line
Constraint Programming Course},
booktitle={WTCP 2015 - Workshop on Teaching Constraint Programming},
editor={Patrick Prosser},
address={Cork, Ireland},
month="August",
year=2015}

@inproceedings{DBLP:conf/icbl/Lee21,
  author       = {Jimmy H. M. Lee},
  editor       = {Richard Chen Li and
                  Simon K. S. Cheung and
                  Chiaki Iwasaki and
                  Lam For Kwok and
                  Makoto Kageto},
  title        = {From {MOOC} to {SPOC:} Fable-Based Learning},
  booktitle    = {Blended Learning: Re-thinking and Re-defining the Learning Process.
                  - 14th International Conference, {ICBL} 2021, Nagoya, Japan, August
                  10-13, 2021, Proceedings},
  series       = {Lecture Notes in Computer Science},
  volume       = {12830},
  pages        = {16--25},
  publisher    = {Springer},
  year         = {2021},
  url          = {https://doi.org/10.1007/978-3-030-80504-3\_2},
  doi          = {10.1007/978-3-030-80504-3\_2},
  timestamp    = {Fri, 06 Aug 2021 11:47:24 +0200},
  biburl       = {https://dblp.org/rec/conf/icbl/Lee21.bib},
  bibsource    = {dblp computer science bibliography, https://dblp.org}
}

@inproceedings{DBLP:conf/aaai/ChanCFLS20,
  author       = {Mavis Chan and
                  Cecilia Chun and
                  Holly Fung and
                  Jimmy H. M. Lee and
                  Peter J. Stuckey},
  title        = {Teaching Constraint Programming Using Fable-Based Learning},
  booktitle    = {The Thirty-Fourth {AAAI} Conference on Artificial Intelligence, {AAAI}
                  2020, The Thirty-Second Innovative Applications of Artificial Intelligence
                  Conference, {IAAI} 2020, The Tenth {AAAI} Symposium on Educational
                  Advances in Artificial Intelligence, {EAAI} 2020, New York, NY, USA,
                  February 7-12, 2020},
  pages        = {13366--13373},
  publisher    = {{AAAI} Press},
  year         = {2020},
  url          = {https://doi.org/10.1609/aaai.v34i09.7059},
  doi          = {10.1609/aaai.v34i09.7059},
  timestamp    = {Mon, 04 Sep 2023 16:50:23 +0200},
  biburl       = {https://dblp.org/rec/conf/aaai/ChanCFLS20.bib},
  bibsource    = {dblp computer science bibliography, https://dblp.org}
}

@book{DBLP:books/sp/Wallace20,
  author       = {Mark Wallace},
  title        = {Building Decision Support Systems - using {MiniZinc}},
  publisher    = {Springer},
  year         = {2020},
  url          = {https://doi.org/10.1007/978-3-030-41732-1},
  doi          = {10.1007/978-3-030-41732-1},
  isbn         = {978-3-030-41731-4},
  timestamp    = {Tue, 05 May 2020 13:49:55 +0200},
  biburl       = {https://dblp.org/rec/books/sp/Wallace20.bib},
  bibsource    = {dblp computer science bibliography, https://dblp.org}
}

@book{DBLP:books/daglib/0018272,
  author       = {Krzysztof R. Apt and
                  Mark Wallace},
  title        = {Constraint logic programming using {ECLiPSe}},
  publisher    = {Cambridge University Press},
  year         = {2007},
  isbn         = {978-0-521-86628-6},
  timestamp    = {Tue, 19 Dec 2017 00:44:45 +0100},
  biburl       = {https://dblp.org/rec/books/daglib/0018272.bib},
  bibsource    = {dblp computer science bibliography, https://dblp.org}
}

@book{DBLP:books/daglib/0018273,
  author       = {Krzysztof R. Apt},
  title        = {Principles of constraint programming},
  publisher    = {Cambridge University Press},
  year         = {2003},
  isbn         = {978-0-521-82583-2},
  timestamp    = {Fri, 08 Apr 2011 18:20:59 +0200},
  biburl       = {https://dblp.org/rec/books/daglib/0018273.bib},
  bibsource    = {dblp computer science bibliography, https://dblp.org}
}

@book{DBLP:books/daglib/0034544,
  author       = {Petra Hofstedt and
                  Armin Wolf},
  title        = {Einf{\"{u}}hrung in die Constraint-Programmierung - Grundlagen,
                  Methoden, Sprachen, Anwendungen},
  series       = {eXamen.press},
  publisher    = {Springer},
  year         = {2007},
  url          = {https://doi.org/10.1007/978-3-540-68194-6},
  doi          = {10.1007/978-3-540-68194-6},
  isbn         = {978-3-540-23184-4},
  timestamp    = {Sat, 19 Oct 2019 19:02:46 +0200},
  biburl       = {https://dblp.org/rec/books/daglib/0034544.bib},
note="in German",
  bibsource    = {dblp computer science bibliography, https://dblp.org}
}

@book{DBLP:books/daglib/0016622,
  author       = {Rina Dechter},
  title        = {Constraint processing},
  publisher    = {Elsevier Morgan Kaufmann},
  year         = {2003},
  url          = {http://www.elsevier.com/wps/find/bookdescription.agents/678024/description},
  isbn         = {978-1-55860-890-0},
  timestamp    = {Fri, 25 Mar 2011 14:10:48 +0100},
  biburl       = {https://dblp.org/rec/books/daglib/0016622.bib},
  bibsource    = {dblp computer science bibliography, https://dblp.org}
}

@book{Bourreau2020,
title="Programmation par Contraintes",
author="Eric Bourreau and Matthieu Gondran and Philippe Lacomme and Marina Vinot",
publisher="ellipses",
address={Paris, France},
year="2020",
note="in French",
isbn="978-2340035850"
}

@book{Bourreau2019,
title="De la programmation linéaire à la programmation par contraintes",
author="Eric Bourreau and Matthieu Gondran and Philippe Lacomme and Marina Vinot",
publisher="ellipses",
address={Paris, France},
year="2019",
note="in French",
isbn="978-2340029460"
}

@book{DBLP:series/sbis/ZhouKF15,
  author       = {Neng{-}Fa Zhou and
                  H{\aa}kan Kjellerstrand and
                  Jonathan Fruhman},
  title        = {Constraint Solving and Planning with {Picat}},
  series       = {Springer Briefs in Intelligent Systems},
  publisher    = {Springer},
  year         = {2015},
  url          = {https://doi.org/10.1007/978-3-319-25883-6},
  doi          = {10.1007/978-3-319-25883-6},
  isbn         = {978-3-319-25881-2},
  timestamp    = {Tue, 16 May 2017 14:24:20 +0200},
  biburl       = {https://dblp.org/rec/series/sbis/ZhouKF15.bib},
  bibsource    = {dblp computer science bibliography, https://dblp.org}
}

@book{DBLP:books/daglib/0017646,
  author       = {John N. Hooker},
  title        = {Integrated methods for optimization},
  series       = {International series in operations research and management science},
  volume       = {100},
  publisher    = {Springer},
  year         = {2007},
  isbn         = {978-0-387-38272-2},
  timestamp    = {Tue, 09 Jul 2019 17:08:12 +0200},
  biburl       = {https://dblp.org/rec/books/daglib/0017646.bib},
  bibsource    = {dblp computer science bibliography, https://dblp.org}
}

@book{Hooker2000,
title="Logic-Based Methods for Optimization: Combining Optimization
and Constraint Satisfaction",
author="John Hooker",
publisher="Wiley",
year="2000",
isbn="978-0-471-38521-9"
}

@book{opl1999,
title="The {OPL} Optimization Programming Language",
author="Pascal Van Hentenryck",
publisher="MIT Press",
year="1999",
isbn="978-0262720304"
}

@book{DBLP:reference/fai/2,
  editor       = {Francesca Rossi and
                  Peter van Beek and
                  Toby Walsh},
  title        = {Handbook of Constraint Programming},
  series       = {Foundations of Artificial Intelligence},
  volume       = {2},
  publisher    = {Elsevier},
  year         = {2006},
  url          = {https://www.sciencedirect.com/science/bookseries/15746526/2},
  isbn         = {978-0-444-52726-4},
  timestamp    = {Sat, 31 Jul 2021 17:24:19 +0200},
  biburl       = {https://dblp.org/rec/reference/fai/2.bib},
  bibsource    = {dblp computer science bibliography, https://dblp.org}
}

@book{DBLP:books/daglib/0008152,
  author       = {Thom W. Fr{\"{u}}hwirth and
                  Slim Abdennadher},
  title        = {Essentials of constraint programming},
  series       = {Cognitive Technologies},
  publisher    = {Springer},
  year         = {2003},
  url          = {http://www.springer.com/computer/swe/book/978-3-540-67623-2},
  isbn         = {978-3-540-67623-2},
  timestamp    = {Tue, 23 Aug 2011 19:16:06 +0200},
  biburl       = {https://dblp.org/rec/books/daglib/0008152.bib},
  bibsource    = {dblp computer science bibliography, https://dblp.org}
}

@book{DBLP:books/daglib/0066904,
  author       = {Pascal Van Hentenryck},
  title        = {Constraint satisfaction in logic programming},
  series       = {Logic programming},
  publisher    = {{MIT} Press},
  year         = {1989},
  isbn         = {978-0-262-08181-8},
  timestamp    = {Wed, 27 Jun 2012 13:10:12 +0200},
  biburl       = {https://dblp.org/rec/books/daglib/0066904.bib},
  bibsource    = {dblp computer science bibliography, https://dblp.org}
}

@inproceedings{DBLP:conf/cp/Prosser14,
  author       = {Patrick Prosser},
  editor       = {Barry O'Sullivan},
  title        = {Teaching Constraint Programming},
  booktitle    = {Principles and Practice of Constraint Programming - 20th International
                  Conference, {CP} 2014, Lyon, France, September 8-12, 2014. Proceedings},
  series       = {Lecture Notes in Computer Science},
  volume       = {8656},
  pages        = {3},
  publisher    = {Springer},
  year         = {2014},
  url          = {https://doi.org/10.1007/978-3-319-10428-7\_2},
  doi          = {10.1007/978-3-319-10428-7\_2},
  timestamp    = {Tue, 14 May 2019 10:00:45 +0200},
  biburl       = {https://dblp.org/rec/conf/cp/Prosser14.bib},
  bibsource    = {dblp computer science bibliography, https://dblp.org}
}

@book{Marriott1998,
title="Programming with Constraints",
author="Kim Marriott and Peter Stuckey",
publisher="MIT Press",
year="1998",
isbn="978-0262133418"
}

@book{Fages1998,
title="Programmation logique par contraintes",
author="Francois Fages",
publisher="ellipses",
address={Paris, France},
year="1998",
note="in French",
isbn="978-272984613"
}

@inproceedings{Lecoutre2023,
author="Christophe Lecoutre",
title="Teaching Constraint Programming while using {PyCSP3}, {ACE} and {Jupyter} Notebook",
editor="Tejas Santanam and Helmut Simonis",
booktitle="Workshop on Teaching Constraint Programming (WTCP2023)",
address="Toronto, Canada",
month="August",
year="2023"
}


@inproceedings{Santanam2023,
author="Tejas Santanam and Pascal Van Hentenryck",
title="Modern Constraint Programming Education: Lessons for the Future",
editor="Tejas Santanam and Helmut Simonis",
booktitle="Workshop on Teaching Constraint Programming (WTCP2023)",
address="Toronto, Canada",
month="August",
year="2023"
}


@inproceedings{Delecluse2023,
author="Augustin Delecluse and Guillaume Derval and Laurent Michel and Pierre Schaus and Pascal Van Hentenryck",
title="A review of the Constraint Programming {MOOC} on {EdX}",
editor="Tejas Santanam and Helmut Simonis",
booktitle="Workshop on Teaching Constraint Programming (WTCP2023)",
address="Toronto, Canada",
month="August",
year="2023"
}


@inproceedings{Choi2023,
author="Janet Choi and Barry O'Sullivan and Helmut Simonis",
title="Teaching Constraint Programming in the {SFI} {CRT-AI} Program",
editor="Tejas Santanam and Helmut Simonis",
booktitle="Workshop on Teaching Constraint Programming (WTCP2023)",
address="Toronto, Canada",
month="August",
year="2023"
}


@inproceedings{Cane2023,
author="Marc Cané and Jordi Coll and Marc Rojo and Mateu Villaret",
title="{SAT-IT}: the Interactive {SAT} Tracer",
editor="Tejas Santanam and Helmut Simonis",
booktitle="Workshop on Teaching Constraint Programming (WTCP2023)",
address="Toronto, Canada",
month="August",
year="2023"
}


@inproceedings{Alos2023,
author="Josep Alos and Carlos Ansótegui and Jose María Salvia and Eduard Torres Montiel",
title="{OptiLog} for Education",
editor="Tejas Santanam and Helmut Simonis",
booktitle="Workshop on Teaching Constraint Programming (WTCP2023)",
address="Toronto, Canada",
month="August",
year="2023"
}

@InProceedings{hoffmann_et_al:LIPIcs.CP.2022.28,
  author =	{Hoffmann, Ruth and Zhu, Xu and Akg\"{u}n, \"{O}zg\"{u}r and Nacenta, Miguel A.},
  title =	{{Understanding How People Approach Constraint Modelling and Solving}},
  booktitle =	{28th International Conference on Principles and Practice of Constraint Programming (CP 2022)},
  pages =	{28:1--28:18},
  series =	{Leibniz International Proceedings in Informatics (LIPIcs)},
  ISBN =	{978-3-95977-240-2},
  ISSN =	{1868-8969},
  year =	{2022},
  volume =	{235},
  editor =	{Solnon, Christine},
  publisher =	{Schloss Dagstuhl -- Leibniz-Zentrum f{\"u}r Informatik},
  address =	{Dagstuhl, Germany},
  URL =		{https://drops.dagstuhl.de/opus/volltexte/2022/16657},
  URN =		{urn:nbn:de:0030-drops-166574},
  doi =		{10.4230/LIPIcs.CP.2022.28},
  annote =	{Keywords: Constraint Modelling, HCI, User Study, Grounded Theory}
}

@article{DBLP:journals/tsi/Solnon03,
  author       = {Christine Solnon},
  title        = {Un cours "{\'{e}}lectronique" sur la programmation par contraintes},
  journal      = {Tech. Sci. Informatiques},
  volume       = {22},
  number       = {1},
  pages        = {77--80},
  year         = {2003},
  url          = {http://tsi.revuesonline.com/article.jsp?articleId=4670},
  timestamp    = {Wed, 24 Jun 2020 20:59:24 +0200},
  biburl       = {https://dblp.org/rec/journals/tsi/Solnon03.bib},
  bibsource    = {dblp computer science bibliography, https://dblp.org}
}
@inproceedings{DBLP:conf/jfplc/Solnon03,
  author       = {Christine Solnon},
  editor       = {Mireille Ducass{\'{e}}},
  title        = {Un cours "{\'{e}}lectronique" sur la programmation par contraintes},
  booktitle    = {Journ{\'{e}}es Francophones de Programmation en Logique avec
                  Contraintes {(JFPLC} 2003), Amiens, France, du 17 au 19 Juin 2003},
  pages        = {77--80},
  publisher    = {Hermes/Lavoisier},
  year         = {2003},
  timestamp    = {Mon, 24 May 2004 15:53:59 +0200},
  biburl       = {https://dblp.org/rec/conf/jfplc/Solnon03.bib},
  bibsource    = {dblp computer science bibliography, https://dblp.org}
}

@misc{Dincbas1989,
title="{CHIP} (Part I and II)",
author="Mehmet Dincbas and Helmut Simonis",
publisher="EuroPACE",
year="1989",
note="Video course for {EuroPACE}"}

@article{DBLP:journals/mpc/MichelSH21,
  author       = {Laurent D. Michel and
                  Pierre Schaus and
                  Pascal Van Hentenryck},
  title        = {{MiniCP}: a lightweight solver for constraint programming},
  journal      = {Math. Program. Comput.},
  volume       = {13},
  number       = {1},
  pages        = {133--184},
  year         = {2021},
  url          = {https://doi.org/10.1007/s12532-020-00190-7},
  doi          = {10.1007/s12532-020-00190-7},
  timestamp    = {Sat, 09 Apr 2022 12:28:47 +0200},
  biburl       = {https://dblp.org/rec/journals/mpc/MichelSH21.bib},
  bibsource    = {dblp computer science bibliography, https://dblp.org}
}

@article{DBLP:journals/tplp/SchimpfS12,
  author       = {Joachim Schimpf and
                  Kish Shen},
  title        = {{ECL\({}^{\mbox{i}}\)PS\({}^{\mbox{e}}\)} - From {LP} to {CLP}},
  journal      = {Theory Pract. Log. Program.},
  volume       = {12},
  number       = {1-2},
  pages        = {127--156},
  year         = {2012},
  url          = {https://doi.org/10.1017/S1471068411000469},
  doi          = {10.1017/S1471068411000469},
  timestamp    = {Thu, 13 Feb 2020 14:39:36 +0100},
  biburl       = {https://dblp.org/rec/journals/tplp/SchimpfS12.bib},
  bibsource    = {dblp computer science bibliography, https://dblp.org}
}

@inproceedings{DBLP:conf/fgcs/DincbasHSAGB88,
  author       = {Mehmet Dincbas and
                  Pascal Van Hentenryck and
                  Helmut Simonis and
                  Abderrahmane Aggoun and
                  Thomas Graf and
                  Fran{\c{c}}oise Berthier},
  title        = {The Constraint Logic Programming Language {CHIP}},
  booktitle    = {Proceedings of the International Conference on Fifth Generation Computer
                  Systems, {FGCS} 1988, Tokyo, Japan, November 28-December 2, 1988},
  pages        = {693--702},
  publisher    = {{OHMSHA} Ltd. Tokyo and Springer-Verlag},
  year         = {1988},
  timestamp    = {Mon, 05 Aug 2019 17:00:40 +0200},
  biburl       = {https://dblp.org/rec/conf/fgcs/DincbasHSAGB88.bib},
  bibsource    = {dblp computer science bibliography, https://dblp.org}
}

@inproceedings{DBLP:conf/cp/Lee23,
  author       = {Jimmy H. M. Lee},
  editor       = {Roland H. C. Yap},
  title        = {A Tale of Two Cities: Teaching {CP} with Story-Telling (Invited Talk)},
  booktitle    = {29th International Conference on Principles and Practice of Constraint
                  Programming, {CP} 2023, August 27-31, 2023, Toronto, Canada},
  series       = {LIPIcs},
  volume       = {280},
  pages        = {2:1--2:1},
  publisher    = {Schloss Dagstuhl - Leibniz-Zentrum f{\"{u}}r Informatik},
  year         = {2023},
  url          = {https://doi.org/10.4230/LIPIcs.CP.2023.2},
  doi          = {10.4230/LIPIcs.CP.2023.2},
  timestamp    = {Tue, 26 Sep 2023 16:58:13 +0200},
  biburl       = {https://dblp.org/rec/conf/cp/Lee23.bib},
  bibsource    = {dblp computer science bibliography, https://dblp.org}
}

@book{DBLP:books/aw/RN2020,
  author       = {Stuart Russell and
                  Peter Norvig},
  title        = {Artificial Intelligence: {A} Modern Approach (4th Edition)},
  publisher    = {Pearson},
  year         = {2020},
  url          = {http://aima.cs.berkeley.edu/},
  isbn         = {9780134610993},
  timestamp    = {Wed, 20 Apr 2022 13:29:51 +0200},
  biburl       = {https://dblp.org/rec/books/aw/RN2020.bib},
  bibsource    = {dblp computer science bibliography, https://dblp.org}
}

@book{DBLP:books/daglib/0024693,
  author       = {David Poole and
                  Alan K. Mackworth},
  title        = {Artificial Intelligence - Foundations of Computational Agents},
  publisher    = {Cambridge University Press},
  year         = {2010},
  url          = {http://www.cambridge.org/uk/catalogue/catalogue.asp?isbn=9780521519007},
  isbn         = {978-0-521-51900-7},
  timestamp    = {Mon, 06 Nov 2017 17:26:27 +0100},
  biburl       = {https://dblp.org/rec/books/daglib/0024693.bib},
  bibsource    = {dblp computer science bibliography, https://dblp.org}
}

@article{Wolf2012,
author = {Armin Wolf},
title = {firstCS-New Aspects on Combining Constraint Programming with Object-Orientation in Java},
year = 2012,
journal={KI - Künstliche Intelligenz},
volume=26,
number=1,
publisher={Springer},
pissn = "1610-1987",
pages = "55--60",
}

@book{Lecoutre2013,
author={Christophe Lecoutre},
title="Constraint Networks: Targeting Simplicity for Techniques and Algorithms",
publisher={Wiley},
year=2013,
isbn={978-1-118-61791-5}
}

@book{Niederlinski2014,
author={Antoni Niederlinski},
title={A Gentle Guide to Constraint Logic Programming via ECLiPSe},
year=2014,
publisher={Economic University in Katowice},
isbn={978-83-62652-08-2},
edition="3rd",
note="Translated from Polish",
url="https://freecomputerbooks.com/A-Quick-and-Gentle-Guide-to-Constraint-Logic-Programming-via-ECLiPSe.html#:~:text=Book%20Description,problems%20and%20constraint%20optimization%20problems."
}


@InProceedings{Turtle,
author="Grabm{\"u}ller, Martin
and Hofstedt, Petra",
editor="Coenen, Frans
and Preece, Alun
and Macintosh, Ann",
title="{Turtle}: A Constraint Imperative Programming Language",
booktitle="Research and Development in Intelligent Systems XX",
year="2004",
publisher="Springer London",
address="London",
pages="185--198",
abstract="Ideally, in constraint programs, the solutions of problems are obtained by specifying their desired properties, whereas in imperative programs, the steps which lead to a solution must be defined explicitly, rather than being derived automatically. This paper describes the design and implementation of the programming language TURTLE, which integrates declarative constraints and imperative language elements in order to combine their advantages and to form a more flexible programming paradigm suitable for solving a wide range of problems.",
isbn="978-0-85729-412-8"
}

@inproceedings{DBLP:conf/ruleml/Zhou16,
  author       = {Neng{-}Fa Zhou},
  editor       = {Jos{\'{e}} J{\'{u}}lio Alferes and
                  Leopoldo E. Bertossi and
                  Guido Governatori and
                  Paul Fodor and
                  Dumitru Roman},
  title        = {Programming in {Picat}},
  booktitle    = {Rule Technologies. Research, Tools, and Applications - 10th International
                  Symposium, RuleML 2016, Stony Brook, NY, USA, July 6-9, 2016. Proceedings},
  series       = {Lecture Notes in Computer Science},
  volume       = {9718},
  pages        = {3--18},
  publisher    = {Springer},
  year         = {2016},
  url          = {https://doi.org/10.1007/978-3-319-42019-6\_1},
  doi          = {10.1007/978-3-319-42019-6\_1},
  timestamp    = {Tue, 14 May 2019 10:00:39 +0200},
  biburl       = {https://dblp.org/rec/conf/ruleml/Zhou16.bib},
  bibsource    = {dblp computer science bibliography, https://dblp.org}
}

@article{DBLP:journals/jossw/PrudhommeF22,
  author       = {Charles Prud'homme and
                  Jean{-}Guillaume Fages},
  title        = {Choco-solver: {A} Java library for constraint programming},
  journal      = {J. Open Source Softw.},
  volume       = {7},
  number       = {78},
  pages        = {4708},
  year         = {2022},
  url          = {https://doi.org/10.21105/joss.04708},
  doi          = {10.21105/JOSS.04708},
  timestamp    = {Sun, 12 Feb 2023 18:49:01 +0100},
  biburl       = {https://dblp.org/rec/journals/jossw/PrudhommeF22.bib},
  bibsource    = {dblp computer science bibliography, https://dblp.org}
}

@article{DBLP:journals/informs/Hentenryck02,
  author       = {Pascal Van Hentenryck},
  title        = {Constraint and Integer Programming in {OPL}},
  journal      = {{INFORMS} J. Comput.},
  volume       = {14},
  number       = {4},
  pages        = {345--372},
  year         = {2002},
  url          = {https://doi.org/10.1287/ijoc.14.4.345.2826},
  doi          = {10.1287/IJOC.14.4.345.2826},
  timestamp    = {Sun, 15 Mar 2020 19:45:25 +0100},
  biburl       = {https://dblp.org/rec/journals/informs/Hentenryck02.bib},
  bibsource    = {dblp computer science bibliography, https://dblp.org}
}



@inproceedings{DBLP:conf/compcon/JaffarMSY91,
  author       = {Joxan Jaffar and
                  Spiro Michaylov and
                  Peter J. Stuckey and
                  Roland H. C. Yap},
  title        = {The {CLP(R)} language and system: an overview},
  booktitle    = {Compcon Spring '91, San Francisco, California, USA, February 25 -
                  March 1, 1991. Digest of Papers},
  pages        = {376--381},
  publisher    = {{IEEE} Computer Society},
  year         = {1991},
  url          = {https://doi.org/10.1109/CMPCON.1991.128837},
  doi          = {10.1109/CMPCON.1991.128837},
  timestamp    = {Wed, 16 Oct 2019 14:14:52 +0200},
  biburl       = {https://dblp.org/rec/conf/compcon/JaffarMSY91.bib},
  bibsource    = {dblp computer science bibliography, https://dblp.org}
}

@article{MiniCP2021,
        Author = {Michel, L. and Schaus, P. and Van Hentenryck, P.},
        Doi = {10.1007/s12532-020-00190-7},
        Id = {Michel2021},
        Isbn = {1867-2957},
        Journal = {Mathematical Programming Computation},
        Number = {1},
        Pages = {133-184},
        Title = {{MiniCP}: a lightweight solver for constraint programming},
        Ty = {JOUR},
        Url = {https://doi.org/10.1007/s12532-020-00190-7},
        Volume = {13},
        Year = {2021}}


@article{DBLP:journals/constraints/BeldiceanuCDP07,
  author       = {Nicolas Beldiceanu and
                  Mats Carlsson and
                  Sophie Demassey and
                  Thierry Petit},
  title        = {Global Constraint Catalogue: Past, Present and Future},
  journal      = {Constraints An Int. J.},
  volume       = {12},
  number       = {1},
  pages        = {21--62},
  year         = {2007},
  url          = {https://doi.org/10.1007/s10601-006-9010-8},
  doi          = {10.1007/S10601-006-9010-8},
  timestamp    = {Fri, 13 Mar 2020 10:58:31 +0100},
  biburl       = {https://dblp.org/rec/journals/constraints/BeldiceanuCDP07.bib},
  bibsource    = {dblp computer science bibliography, https://dblp.org}
}

@Misc{SchulteTackLagerkvist:MPG:2010,
   Author =    "Christian Schulte and Guido Tack and Mikael Z. Lagerkvist",
   Title =     "Modeling and Programming with {Gecode}",
   Year =      2010,
   URL =       "http://www.gecode.org/doc-latest/MPG.pdf"
}

@misc{carlsson2010sicstus,
      title={{SICStus Prolog} -- the first 25 years}, 
      author={Mats Carlsson and Per Mildner},
      year={2010},
      eprint={1011.5640},
      archivePrefix={arXiv},
      primaryClass={cs.PL}
}

@article{wielemaker:2011:tplp,
  author = {Wielemaker, Jan and Schrijvers, Tom and Triska, Markus and Lager, Torbj\"o{}rn},
  title = {{SWI-Prolog}},
  journal = {Theory and Practice of Logic Programming},
  year = {2012},
  volume = {12},
  number = {1-2},
  pages = {67--96},
  ISSN = {1471-0684},

}

@proceedings{DBLP:conf/cp/2020,
  editor       = {Helmut Simonis},
  title        = {Principles and Practice of Constraint Programming - 26th International
                  Conference, {CP} 2020, Louvain-la-Neuve, Belgium, September 7-11,
                  2020, Proceedings},
  series       = {Lecture Notes in Computer Science},
  volume       = {12333},
  publisher    = {Springer},
  year         = {2020},
  url          = {https://doi.org/10.1007/978-3-030-58475-7},
  doi          = {10.1007/978-3-030-58475-7},
  isbn         = {978-3-030-58474-0},
  timestamp    = {Tue, 08 Sep 2020 19:28:09 +0200},
  biburl       = {https://dblp.org/rec/conf/cp/2020.bib},
  bibsource    = {dblp computer science bibliography, https://dblp.org}
}

@misc{JaCoP2013,
  author       = {{Kuchcinski, Krzysztof and Szymanek, Radoslaw}},
  language     = {{eng}},
  title        = {{JaCoP - Java Constraint Programming Solver}},
  url          = {{https://lup.lub.lu.se/search/files/6233530/4092009.pdf}},
  year         = {{2013}},
}

@book{Tsang2014,
author="Edward Tsang",
title="Foundations of Constraint Satisfaction",
year=2014,
publisher="Books on Demand"}

@inproceedings{DBLP:conf/cp/SimonisDFMQC10,
  author       = {Helmut Simonis and
                  Paul Davern and
                  Jacob Feldman and
                  Deepak Mehta and
                  Luis Quesada and
                  Mats Carlsson},
  editor       = {David Cohen},
  title        = {A Generic Visualization Platform for {CP}},
  booktitle    = {Principles and Practice of Constraint Programming - {CP} 2010 - 16th
                  International Conference, {CP} 2010, St. Andrews, Scotland, UK, September
                  6-10, 2010. Proceedings},
  series       = {Lecture Notes in Computer Science},
  volume       = {6308},
  pages        = {460--474},
  publisher    = {Springer},
  year         = {2010},
  url          = {https://doi.org/10.1007/978-3-642-15396-9\_37},
  doi          = {10.1007/978-3-642-15396-9\_37},
  timestamp    = {Tue, 19 Apr 2022 16:03:58 +0200},
  biburl       = {https://dblp.org/rec/conf/cp/SimonisDFMQC10.bib},
  bibsource    = {dblp computer science bibliography, https://dblp.org}
}

@inproceedings{Simonis2011,
  author       = {Helmut Simonis and
                  Barry O'Sullivan},
  editor       = {Tobias Achterberg and
                  J. Christopher Beck},
  title        = {Almost Square Packing},
  booktitle    = {Integration of {AI} and {OR} Techniques in Constraint Programming
                  for Combinatorial Optimization Problems - 8th International Conference,
                  {CPAIOR} 2011, Berlin, Germany, May 23-27, 2011. Proceedings},
  series       = {Lecture Notes in Computer Science},
  volume       = {6697},
  pages        = {196--209},
  publisher    = {Springer},
  year         = {2011},
  url          = {https://doi.org/10.1007/978-3-642-21311-3\_19},
  doi          = {10.1007/978-3-642-21311-3\_19},
  timestamp    = {Tue, 14 May 2019 10:00:47 +0200},
  biburl       = {https://dblp.org/rec/conf/cpaior/SimonisO11.bib},
  bibsource    = {dblp computer science bibliography, https://dblp.org}
}

@inproceedings{Simonis2008,
  author       = {Helmut Simonis and
                  Barry O'Sullivan},
  editor       = {Peter J. Stuckey},
  title        = {Search Strategies for Rectangle Packing},
  booktitle    = {Principles and Practice of Constraint Programming, 14th International
                  Conference, {CP} 2008, Sydney, Australia, September 14-18, 2008. Proceedings},
  series       = {Lecture Notes in Computer Science},
  volume       = {5202},
  pages        = {52--66},
  publisher    = {Springer},
  year         = {2008},
  url          = {https://doi.org/10.1007/978-3-540-85958-1\_4},
  doi          = {10.1007/978-3-540-85958-1\_4},
  timestamp    = {Tue, 14 May 2019 10:00:45 +0200},
  biburl       = {https://dblp.org/rec/conf/cp/SimonisO08.bib},
  bibsource    = {dblp computer science bibliography, https://dblp.org}
}

@inproceedings{DBLP:conf/ijcai/AkgunFGJMN23,
  author       = {{\"{O}}zg{\"{u}}r Akg{\"{u}}n and
                  Alan M. Frisch and
                  Ian P. Gent and
                  Christopher Jefferson and
                  Ian Miguel and
                  Peter Nightingale},
  title        = {Conjure: Automatic Generation of Constraint Models from Problem Specifications
                  (Extended Abstract)},
  booktitle    = {Proceedings of the Thirty-Second International Joint Conference on
                  Artificial Intelligence, {IJCAI} 2023, 19th-25th August 2023, Macao,
                  SAR, China},
  pages        = {6833--6838},
  publisher    = {ijcai.org},
  year         = {2023},
  url          = {https://doi.org/10.24963/ijcai.2023/765},
  doi          = {10.24963/IJCAI.2023/765},
  timestamp    = {Mon, 28 Aug 2023 17:23:07 +0200},
  biburl       = {https://dblp.org/rec/conf/ijcai/AkgunFGJMN23.bib},
  bibsource    = {dblp computer science bibliography, https://dblp.org}
}

@article{DBLP:journals/corr/abs-2201-03472,
  author       = {Peter Nightingale},
  title        = {Savile Row Manual},
  journal      = {CoRR},
  volume       = {abs/2201.03472},
  year         = {2022},
  url          = {https://arxiv.org/abs/2201.03472},
  eprinttype    = {arXiv},
  eprint       = {2201.03472},
  timestamp    = {Thu, 20 Jan 2022 14:21:35 +0100},
  biburl       = {https://dblp.org/rec/journals/corr/abs-2201-03472.bib},
  bibsource    = {dblp computer science bibliography, https://dblp.org}
}

@article{DBLP:journals/corr/abs-2009-00326,
  author       = {Christophe Lecoutre and
                  Nicolas Szczepanski},
  title        = {{PYCSP3:} Modeling Combinatorial Constrained Problems in Python},
  journal      = {CoRR},
  volume       = {abs/2009.00326},
  year         = {2020},
  url          = {https://arxiv.org/abs/2009.00326},
  eprinttype    = {arXiv},
  eprint       = {2009.00326},
  timestamp    = {Wed, 16 Sep 2020 15:27:56 +0200},
  biburl       = {https://dblp.org/rec/journals/corr/abs-2009-00326.bib},
  bibsource    = {dblp computer science bibliography, https://dblp.org}
}

@article{DBLP:journals/corr/abs-2302-05405,
  author       = {Christophe Lecoutre},
  title        = {ACE, a generic constraint solver},
  journal      = {CoRR},
  volume       = {abs/2302.05405},
  year         = {2023},
  url          = {https://doi.org/10.48550/arXiv.2302.05405},
  doi          = {10.48550/ARXIV.2302.05405},
  eprinttype    = {arXiv},
  eprint       = {2302.05405},
  timestamp    = {Mon, 13 Feb 2023 14:23:40 +0100},
  biburl       = {https://dblp.org/rec/journals/corr/abs-2302-05405.bib},
  bibsource    = {dblp computer science bibliography, https://dblp.org}
}


