@inproceedings{JuvinHHL23,
  author       = {Carla Juvin and
                  Emmanuel Hebrard and
                  Laurent Houssin and
                  Pierre Lopez},
  editor       = {Roland H. C. Yap},
  title        = {An Efficient Constraint Programming Approach to Preemptive Job Shop
                  Scheduling},
  booktitle    = {29th International Conference on Principles and Practice of Constraint
                  Programming, {CP} 2023, August 27-31, 2023, Toronto, Canada},
  series       = {LIPIcs},
  volume       = {280},
  pages        = {19:1--19:16},
  publisher    = {Schloss Dagstuhl - Leibniz-Zentrum f{\"{u}}r Informatik},
  year         = {2023},
  url          = {https://doi.org/10.4230/LIPIcs.CP.2023.19},
  doi          = {10.4230/LIPICS.CP.2023.19},
  timestamp    = {Sat, 30 Sep 2023 09:37:47 +0200},
  biburl       = {https://dblp.org/rec/conf/cp/JuvinHHL23.bib},
  bibsource    = {dblp computer science bibliography, https://dblp.org}
}

@inproceedings{PovedaAA23,
  author       = {Guillaume Pov{\'{e}}da and
                  Nahum {\'{A}}lvarez and
                  Christian Artigues},
  editor       = {Roland H. C. Yap},
  title        = {Partially Preemptive Multi Skill/Mode Resource-Constrained Project
                  Scheduling with Generalized Precedence Relations and Calendars},
  booktitle    = {29th International Conference on Principles and Practice of Constraint
                  Programming, {CP} 2023, August 27-31, 2023, Toronto, Canada},
  series       = {LIPIcs},
  volume       = {280},
  pages        = {31:1--31:21},
  publisher    = {Schloss Dagstuhl - Leibniz-Zentrum f{\"{u}}r Informatik},
  year         = {2023},
  url          = {https://doi.org/10.4230/LIPIcs.CP.2023.31},
  doi          = {10.4230/LIPICS.CP.2023.31},
  timestamp    = {Tue, 26 Sep 2023 16:58:13 +0200},
  biburl       = {https://dblp.org/rec/conf/cp/PovedaAA23.bib},
  bibsource    = {dblp computer science bibliography, https://dblp.org}
}

@inproceedings{AalianPG23,
  author       = {Younes Aalian and
                  Gilles Pesant and
                  Michel Gamache},
  editor       = {Roland H. C. Yap},
  title        = {Optimization of Short-Term Underground Mine Planning Using Constraint
                  Programming},
  booktitle    = {29th International Conference on Principles and Practice of Constraint
                  Programming, {CP} 2023, August 27-31, 2023, Toronto, Canada},
  series       = {LIPIcs},
  volume       = {280},
  pages        = {6:1--6:16},
  publisher    = {Schloss Dagstuhl - Leibniz-Zentrum f{\"{u}}r Informatik},
  year         = {2023},
  url          = {https://doi.org/10.4230/LIPIcs.CP.2023.6},
  doi          = {10.4230/LIPICS.CP.2023.6},
  timestamp    = {Tue, 26 Sep 2023 16:58:13 +0200},
  biburl       = {https://dblp.org/rec/conf/cp/AalianPG23.bib},
  bibsource    = {dblp computer science bibliography, https://dblp.org}
}

@inproceedings{KameugneFND23,
  author       = {Roger Kameugne and
                  S{\'{e}}v{\'{e}}rine Betmbe Fetgo and
                  Thierry Noulamo and
                  Cl{\'{e}}mentin Tayou Djam{\'{e}}gni},
  editor       = {Roland H. C. Yap},
  title        = {Horizontally Elastic Edge Finder Rule for Cumulative Constraint Based
                  on Slack and Density},
  booktitle    = {29th International Conference on Principles and Practice of Constraint
                  Programming, {CP} 2023, August 27-31, 2023, Toronto, Canada},
  series       = {LIPIcs},
  volume       = {280},
  pages        = {20:1--20:17},
  publisher    = {Schloss Dagstuhl - Leibniz-Zentrum f{\"{u}}r Informatik},
  year         = {2023},
  url          = {https://doi.org/10.4230/LIPIcs.CP.2023.20},
  doi          = {10.4230/LIPICS.CP.2023.20},
  timestamp    = {Tue, 26 Sep 2023 16:58:13 +0200},
  biburl       = {https://dblp.org/rec/conf/cp/KameugneFND23.bib},
  bibsource    = {dblp computer science bibliography, https://dblp.org}
}


@inproceedings{ArmstrongGOS22,
  author       = {Eddie Armstrong and
                  Michele Garraffa and
                  Barry O'Sullivan and
                  Helmut Simonis},
  editor       = {Pierre Schaus},
  title        = {A Two-Phase Hybrid Approach for the Hybrid Flexible Flowshop with
                  Transportation Times},
  booktitle    = {Integration of Constraint Programming, Artificial Intelligence, and
                  Operations Research - 19th International Conference, {CPAIOR} 2022,
                  Los Angeles, CA, USA, June 20-23, 2022, Proceedings},
  series       = {Lecture Notes in Computer Science},
  volume       = {13292},
  pages        = {1--13},
  publisher    = {Springer},
  year         = {2022},
  url          = {https://doi.org/10.1007/978-3-031-08011-1\_1},
  doi          = {10.1007/978-3-031-08011-1\_1},
  timestamp    = {Tue, 14 Jun 2022 16:22:04 +0200},
  biburl       = {https://dblp.org/rec/conf/cpaior/ArmstrongGOS22.bib},
  bibsource    = {dblp computer science bibliography, https://dblp.org}
}

@inproceedings{ArmstrongGOS21,
  author       = {Eddie Armstrong and
                  Michele Garraffa and
                  Barry O'Sullivan and
                  Helmut Simonis},
  editor       = {Laurent D. Michel},
  title        = {The Hybrid Flexible Flowshop with Transportation Times},
  booktitle    = {27th International Conference on Principles and Practice of Constraint
                  Programming, {CP} 2021, Montpellier, France (Virtual Conference),
                  October 25-29, 2021},
  series       = {LIPIcs},
  volume       = {210},
  pages        = {16:1--16:18},
  publisher    = {Schloss Dagstuhl - Leibniz-Zentrum f{\"{u}}r Informatik},
  year         = {2021},
  url          = {https://doi.org/10.4230/LIPIcs.CP.2021.16},
  doi          = {10.4230/LIPICS.CP.2021.16},
  timestamp    = {Mon, 25 Oct 2021 15:03:56 +0200},
  biburl       = {https://dblp.org/rec/conf/cp/ArmstrongGOS21.bib},
  bibsource    = {dblp computer science bibliography, https://dblp.org}
}

@article{GrimesIOS14,
  author       = {Diarmuid Grimes and
                  Georgiana Ifrim and
                  Barry O'Sullivan and
                  Helmut Simonis},
  title        = {Analyzing the impact of electricity price forecasting on energy cost-aware
                  scheduling},
  journal      = {Sustain. Comput. Informatics Syst.},
  volume       = {4},
  number       = {4},
  pages        = {276--291},
  year         = {2014},
  url          = {https://doi.org/10.1016/j.suscom.2014.08.009},
  doi          = {10.1016/J.SUSCOM.2014.08.009},
  timestamp    = {Tue, 25 Feb 2020 09:03:17 +0100},
  biburl       = {https://dblp.org/rec/journals/suscom/GrimesIOS14.bib},
  bibsource    = {dblp computer science bibliography, https://dblp.org}
}

@inproceedings{EfthymiouY23,
  author       = {Nikolaos Efthymiou and
                  Neil Yorke{-}Smith},
  editor       = {Andr{\'{e}} A. Cir{\'{e}}},
  title        = {Predicting the Optimal Period for Cyclic Hoist Scheduling Problems},
  booktitle    = {Integration of Constraint Programming, Artificial Intelligence, and
                  Operations Research - 20th International Conference, {CPAIOR} 2023,
                  Nice, France, May 29 - June 1, 2023, Proceedings},
  series       = {Lecture Notes in Computer Science},
  volume       = {13884},
  pages        = {238--253},
  publisher    = {Springer},
  year         = {2023},
  url          = {https://doi.org/10.1007/978-3-031-33271-5\_16},
  doi          = {10.1007/978-3-031-33271-5\_16},
  timestamp    = {Fri, 02 Jun 2023 21:24:06 +0200},
  biburl       = {https://dblp.org/rec/conf/cpaior/EfthymiouY23.bib},
  bibsource    = {dblp computer science bibliography, https://dblp.org}
}

@inproceedings{SquillaciPR23,
  author       = {Samuel Squillaci and
                  C{\'{e}}dric Pralet and
                  St{\'{e}}phanie Roussel},
  editor       = {Andr{\'{e}} A. Cir{\'{e}}},
  title        = {Scheduling Complex Observation Requests for a Constellation of Satellites:
                  Large Neighborhood Search Approaches},
  booktitle    = {Integration of Constraint Programming, Artificial Intelligence, and
                  Operations Research - 20th International Conference, {CPAIOR} 2023,
                  Nice, France, May 29 - June 1, 2023, Proceedings},
  series       = {Lecture Notes in Computer Science},
  volume       = {13884},
  pages        = {443--459},
  publisher    = {Springer},
  year         = {2023},
  url          = {https://doi.org/10.1007/978-3-031-33271-5\_29},
  doi          = {10.1007/978-3-031-33271-5\_29},
  timestamp    = {Wed, 31 May 2023 14:56:54 +0200},
  biburl       = {https://dblp.org/rec/conf/cpaior/SquillaciPR23.bib},
  bibsource    = {dblp computer science bibliography, https://dblp.org}
}

@inproceedings{KimCMLLP23,
  author       = {Dongyun Kim and
                  Yeonjun Choi and
                  Kyungduk Moon and
                  Myungho Lee and
                  Kangbok Lee and
                  Michael L. Pinedo},
  editor       = {Andr{\'{e}} A. Cir{\'{e}}},
  title        = {Iterated Greedy Constraint Programming for Scheduling Steelmaking
                  Continuous Casting},
  booktitle    = {Integration of Constraint Programming, Artificial Intelligence, and
                  Operations Research - 20th International Conference, {CPAIOR} 2023,
                  Nice, France, May 29 - June 1, 2023, Proceedings},
  series       = {Lecture Notes in Computer Science},
  volume       = {13884},
  pages        = {477--492},
  publisher    = {Springer},
  year         = {2023},
  url          = {https://doi.org/10.1007/978-3-031-33271-5\_31},
  doi          = {10.1007/978-3-031-33271-5\_31},
  timestamp    = {Fri, 02 Jun 2023 21:24:06 +0200},
  biburl       = {https://dblp.org/rec/conf/cpaior/KimCMLLP23.bib},
  bibsource    = {dblp computer science bibliography, https://dblp.org}
}

@inproceedings{JuvinHL23,
  author       = {Carla Juvin and
                  Laurent Houssin and
                  Pierre Lopez},
  editor       = {Andr{\'{e}} A. Cir{\'{e}}},
  title        = {Constraint Programming for the Robust Two-Machine Flow-Shop Scheduling
                  Problem with Budgeted Uncertainty},
  booktitle    = {Integration of Constraint Programming, Artificial Intelligence, and
                  Operations Research - 20th International Conference, {CPAIOR} 2023,
                  Nice, France, May 29 - June 1, 2023, Proceedings},
  series       = {Lecture Notes in Computer Science},
  volume       = {13884},
  pages        = {354--369},
  publisher    = {Springer},
  year         = {2023},
  url          = {https://doi.org/10.1007/978-3-031-33271-5\_23},
  doi          = {10.1007/978-3-031-33271-5\_23},
  timestamp    = {Sat, 30 Sep 2023 09:37:48 +0200},
  biburl       = {https://dblp.org/rec/conf/cpaior/JuvinHL23.bib},
  bibsource    = {dblp computer science bibliography, https://dblp.org}
}

@inproceedings{TardivoDFMP23,
  author       = {Fabio Tardivo and
                  Agostino Dovier and
                  Andrea Formisano and
                  Laurent Michel and
                  Enrico Pontelli},
  editor       = {Andr{\'{e}} A. Cir{\'{e}}},
  title        = {Constraint Propagation on {GPU:} {A} Case Study for the Cumulative
                  Constraint},
  booktitle    = {Integration of Constraint Programming, Artificial Intelligence, and
                  Operations Research - 20th International Conference, {CPAIOR} 2023,
                  Nice, France, May 29 - June 1, 2023, Proceedings},
  series       = {Lecture Notes in Computer Science},
  volume       = {13884},
  pages        = {336--353},
  publisher    = {Springer},
  year         = {2023},
  url          = {https://doi.org/10.1007/978-3-031-33271-5\_22},
  doi          = {10.1007/978-3-031-33271-5\_22},
  timestamp    = {Fri, 02 Jun 2023 21:24:06 +0200},
  biburl       = {https://dblp.org/rec/conf/cpaior/TardivoDFMP23.bib},
  bibsource    = {dblp computer science bibliography, https://dblp.org}
}

@inproceedings{BoudreaultSLQ22,
  author       = {Rapha{\"{e}}l Boudreault and
                  Vanessa Simard and
                  Daniel Lafond and
                  Claude{-}Guy Quimper},
  editor       = {Christine Solnon},
  title        = {A Constraint Programming Approach to Ship Refit Project Scheduling},
  booktitle    = {28th International Conference on Principles and Practice of Constraint
                  Programming, {CP} 2022, July 31 to August 8, 2022, Haifa, Israel},
  series       = {LIPIcs},
  volume       = {235},
  pages        = {10:1--10:16},
  publisher    = {Schloss Dagstuhl - Leibniz-Zentrum f{\"{u}}r Informatik},
  year         = {2022},
  url          = {https://doi.org/10.4230/LIPIcs.CP.2022.10},
  doi          = {10.4230/LIPICS.CP.2022.10},
  timestamp    = {Sun, 02 Oct 2022 15:58:03 +0200},
  biburl       = {https://dblp.org/rec/conf/cp/BoudreaultSLQ22.bib},
  bibsource    = {dblp computer science bibliography, https://dblp.org}
}

@inproceedings{PopovicCGNC22,
  author       = {Louis Popovic and
                  Alain C{\^{o}}t{\'{e}} and
                  Mohamed Gaha and
                  Franklin Nguewouo and
                  Quentin Cappart},
  editor       = {Christine Solnon},
  title        = {Scheduling the Equipment Maintenance of an Electric Power Transmission
                  Network Using Constraint Programming},
  booktitle    = {28th International Conference on Principles and Practice of Constraint
                  Programming, {CP} 2022, July 31 to August 8, 2022, Haifa, Israel},
  series       = {LIPIcs},
  volume       = {235},
  pages        = {34:1--34:15},
  publisher    = {Schloss Dagstuhl - Leibniz-Zentrum f{\"{u}}r Informatik},
  year         = {2022},
  url          = {https://doi.org/10.4230/LIPIcs.CP.2022.34},
  doi          = {10.4230/LIPICS.CP.2022.34},
  timestamp    = {Wed, 27 Jul 2022 16:43:00 +0200},
  biburl       = {https://dblp.org/rec/conf/cp/PopovicCGNC22.bib},
  bibsource    = {dblp computer science bibliography, https://dblp.org}
}

@inproceedings{WinterMMW22,
  author       = {Felix Winter and
                  Sebastian Meiswinkel and
                  Nysret Musliu and
                  Daniel Walkiewicz},
  editor       = {Christine Solnon},
  title        = {Modeling and Solving Parallel Machine Scheduling with Contamination
                  Constraints in the Agricultural Industry},
  booktitle    = {28th International Conference on Principles and Practice of Constraint
                  Programming, {CP} 2022, July 31 to August 8, 2022, Haifa, Israel},
  series       = {LIPIcs},
  volume       = {235},
  pages        = {41:1--41:18},
  publisher    = {Schloss Dagstuhl - Leibniz-Zentrum f{\"{u}}r Informatik},
  year         = {2022},
  url          = {https://doi.org/10.4230/LIPIcs.CP.2022.41},
  doi          = {10.4230/LIPICS.CP.2022.41},
  timestamp    = {Wed, 27 Jul 2022 16:43:00 +0200},
  biburl       = {https://dblp.org/rec/conf/cp/WinterMMW22.bib},
  bibsource    = {dblp computer science bibliography, https://dblp.org}
}

@inproceedings{GeitzGSSW22,
  author       = {Marc Geitz and
                  Cristian Grozea and
                  Wolfgang Steigerwald and
                  Robin St{\"{o}}hr and
                  Armin Wolf},
  editor       = {Pierre Schaus},
  title        = {Solving the Extended Job Shop Scheduling Problem with AGVs - Classical
                  and Quantum Approaches},
  booktitle    = {Integration of Constraint Programming, Artificial Intelligence, and
                  Operations Research - 19th International Conference, {CPAIOR} 2022,
                  Los Angeles, CA, USA, June 20-23, 2022, Proceedings},
  series       = {Lecture Notes in Computer Science},
  volume       = {13292},
  pages        = {120--137},
  publisher    = {Springer},
  year         = {2022},
  url          = {https://doi.org/10.1007/978-3-031-08011-1\_10},
  doi          = {10.1007/978-3-031-08011-1\_10},
  timestamp    = {Tue, 28 Jun 2022 21:08:26 +0200},
  biburl       = {https://dblp.org/rec/conf/cpaior/GeitzGSSW22.bib},
  bibsource    = {dblp computer science bibliography, https://dblp.org}
}

@inproceedings{OuelletQ22,
  author       = {Yanick Ouellet and
                  Claude{-}Guy Quimper},
  editor       = {Pierre Schaus},
  title        = {A MinCumulative Resource Constraint},
  booktitle    = {Integration of Constraint Programming, Artificial Intelligence, and
                  Operations Research - 19th International Conference, {CPAIOR} 2022,
                  Los Angeles, CA, USA, June 20-23, 2022, Proceedings},
  series       = {Lecture Notes in Computer Science},
  volume       = {13292},
  pages        = {318--334},
  publisher    = {Springer},
  year         = {2022},
  url          = {https://doi.org/10.1007/978-3-031-08011-1\_21},
  doi          = {10.1007/978-3-031-08011-1\_21},
  timestamp    = {Tue, 14 Jun 2022 16:22:03 +0200},
  biburl       = {https://dblp.org/rec/conf/cpaior/OuelletQ22.bib},
  bibsource    = {dblp computer science bibliography, https://dblp.org}
}

@inproceedings{AntuoriHHEN21,
  author       = {Valentin Antuori and
                  Emmanuel Hebrard and
                  Marie{-}Jos{\'{e}} Huguet and
                  Siham Essodaigui and
                  Alain Nguyen},
  editor       = {Laurent D. Michel},
  title        = {Combining Monte Carlo Tree Search and Depth First Search Methods for
                  a Car Manufacturing Workshop Scheduling Problem},
  booktitle    = {27th International Conference on Principles and Practice of Constraint
                  Programming, {CP} 2021, Montpellier, France (Virtual Conference),
                  October 25-29, 2021},
  series       = {LIPIcs},
  volume       = {210},
  pages        = {14:1--14:16},
  publisher    = {Schloss Dagstuhl - Leibniz-Zentrum f{\"{u}}r Informatik},
  year         = {2021},
  url          = {https://doi.org/10.4230/LIPIcs.CP.2021.14},
  doi          = {10.4230/LIPICS.CP.2021.14},
  timestamp    = {Wed, 03 Nov 2021 08:28:39 +0100},
  biburl       = {https://dblp.org/rec/conf/cp/AntuoriHHEN21.bib},
  bibsource    = {dblp computer science bibliography, https://dblp.org}
}

@inproceedings{KovacsTKSG21,
  author       = {Benjamin Kov{\'{a}}cs and
                  Pierre Tassel and
                  Wolfgang Kohlenbrein and
                  Philipp Schrott{-}Kostwein and
                  Martin Gebser},
  editor       = {Laurent D. Michel},
  title        = {Utilizing Constraint Optimization for Industrial Machine Workload
                  Balancing},
  booktitle    = {27th International Conference on Principles and Practice of Constraint
                  Programming, {CP} 2021, Montpellier, France (Virtual Conference),
                  October 25-29, 2021},
  series       = {LIPIcs},
  volume       = {210},
  pages        = {36:1--36:17},
  publisher    = {Schloss Dagstuhl - Leibniz-Zentrum f{\"{u}}r Informatik},
  year         = {2021},
  url          = {https://doi.org/10.4230/LIPIcs.CP.2021.36},
  doi          = {10.4230/LIPICS.CP.2021.36},
  timestamp    = {Sun, 06 Aug 2023 20:52:21 +0200},
  biburl       = {https://dblp.org/rec/conf/cp/KovacsTKSG21.bib},
  bibsource    = {dblp computer science bibliography, https://dblp.org}
}

@inproceedings{LacknerMMWW21,
  author       = {Marie{-}Louise Lackner and
                  Christoph Mrkvicka and
                  Nysret Musliu and
                  Daniel Walkiewicz and
                  Felix Winter},
  editor       = {Laurent D. Michel},
  title        = {Minimizing Cumulative Batch Processing Time for an Industrial Oven
                  Scheduling Problem},
  booktitle    = {27th International Conference on Principles and Practice of Constraint
                  Programming, {CP} 2021, Montpellier, France (Virtual Conference),
                  October 25-29, 2021},
  series       = {LIPIcs},
  volume       = {210},
  pages        = {37:1--37:18},
  publisher    = {Schloss Dagstuhl - Leibniz-Zentrum f{\"{u}}r Informatik},
  year         = {2021},
  url          = {https://doi.org/10.4230/LIPIcs.CP.2021.37},
  doi          = {10.4230/LIPICS.CP.2021.37},
  timestamp    = {Mon, 03 Jan 2022 22:38:30 +0100},
  biburl       = {https://dblp.org/rec/conf/cp/LacknerMMWW21.bib},
  bibsource    = {dblp computer science bibliography, https://dblp.org}
}

@inproceedings{HillTV21,
  author       = {Alessandro Hill and
                  Jordan Ticktin and
                  Thomas W. M. Vossen},
  editor       = {Peter J. Stuckey},
  title        = {A Computational Study of Constraint Programming Approaches for Resource-Constrained
                  Project Scheduling with Autonomous Learning Effects},
  booktitle    = {Integration of Constraint Programming, Artificial Intelligence, and
                  Operations Research - 18th International Conference, {CPAIOR} 2021,
                  Vienna, Austria, July 5-8, 2021, Proceedings},
  series       = {Lecture Notes in Computer Science},
  volume       = {12735},
  pages        = {26--44},
  publisher    = {Springer},
  year         = {2021},
  url          = {https://doi.org/10.1007/978-3-030-78230-6\_2},
  doi          = {10.1007/978-3-030-78230-6\_2},
  timestamp    = {Thu, 14 Oct 2021 10:41:28 +0200},
  biburl       = {https://dblp.org/rec/conf/cpaior/HillTV21.bib},
  bibsource    = {dblp computer science bibliography, https://dblp.org}
}

@inproceedings{KlankeBYE21,
  author       = {Christian Klanke and
                  Dominik R. Bleidorn and
                  Vassilios Yfantis and
                  Sebastian Engell},
  editor       = {Peter J. Stuckey},
  title        = {Combining Constraint Programming and Temporal Decomposition Approaches
                  - Scheduling of an Industrial Formulation Plant},
  booktitle    = {Integration of Constraint Programming, Artificial Intelligence, and
                  Operations Research - 18th International Conference, {CPAIOR} 2021,
                  Vienna, Austria, July 5-8, 2021, Proceedings},
  series       = {Lecture Notes in Computer Science},
  volume       = {12735},
  pages        = {133--148},
  publisher    = {Springer},
  year         = {2021},
  url          = {https://doi.org/10.1007/978-3-030-78230-6\_9},
  doi          = {10.1007/978-3-030-78230-6\_9},
  timestamp    = {Tue, 13 Jul 2021 13:28:03 +0200},
  biburl       = {https://dblp.org/rec/conf/cpaior/KlankeBYE21.bib},
  bibsource    = {dblp computer science bibliography, https://dblp.org}
}

@inproceedings{HanenKP21,
  author       = {Claire Hanen and
                  Alix Munier Kordon and
                  Theo Pedersen},
  editor       = {Peter J. Stuckey},
  title        = {Two Deadline Reduction Algorithms for Scheduling Dependent Tasks on
                  Parallel Processors},
  booktitle    = {Integration of Constraint Programming, Artificial Intelligence, and
                  Operations Research - 18th International Conference, {CPAIOR} 2021,
                  Vienna, Austria, July 5-8, 2021, Proceedings},
  series       = {Lecture Notes in Computer Science},
  volume       = {12735},
  pages        = {214--230},
  publisher    = {Springer},
  year         = {2021},
  url          = {https://doi.org/10.1007/978-3-030-78230-6\_14},
  doi          = {10.1007/978-3-030-78230-6\_14},
  timestamp    = {Tue, 13 Jul 2021 13:28:03 +0200},
  biburl       = {https://dblp.org/rec/conf/cpaior/HanenKP21.bib},
  bibsource    = {dblp computer science bibliography, https://dblp.org}
}

@inproceedings{Astrand0F21,
  author       = {Max {\AA}strand and
                  Mikael Johansson and
                  Hamid Reza Feyzmahdavian},
  editor       = {Peter J. Stuckey},
  title        = {Short-Term Scheduling of Production Fleets in Underground Mines Using
                  CP-Based {LNS}},
  booktitle    = {Integration of Constraint Programming, Artificial Intelligence, and
                  Operations Research - 18th International Conference, {CPAIOR} 2021,
                  Vienna, Austria, July 5-8, 2021, Proceedings},
  series       = {Lecture Notes in Computer Science},
  volume       = {12735},
  pages        = {365--382},
  publisher    = {Springer},
  year         = {2021},
  url          = {https://doi.org/10.1007/978-3-030-78230-6\_23},
  doi          = {10.1007/978-3-030-78230-6\_23},
  timestamp    = {Thu, 17 Jun 2021 14:39:44 +0200},
  biburl       = {https://dblp.org/rec/conf/cpaior/Astrand0F21.bib},
  bibsource    = {dblp computer science bibliography, https://dblp.org}
}

@inproceedings{GeibingerKKMMW21,
  author       = {Tobias Geibinger and
                  Lucas Kletzander and
                  Matthias Krainz and
                  Florian Mischek and
                  Nysret Musliu and
                  Felix Winter},
  editor       = {Peter J. Stuckey},
  title        = {Physician Scheduling During a Pandemic},
  booktitle    = {Integration of Constraint Programming, Artificial Intelligence, and
                  Operations Research - 18th International Conference, {CPAIOR} 2021,
                  Vienna, Austria, July 5-8, 2021, Proceedings},
  series       = {Lecture Notes in Computer Science},
  volume       = {12735},
  pages        = {456--465},
  publisher    = {Springer},
  year         = {2021},
  url          = {https://doi.org/10.1007/978-3-030-78230-6\_29},
  doi          = {10.1007/978-3-030-78230-6\_29},
  timestamp    = {Wed, 07 Dec 2022 23:13:09 +0100},
  biburl       = {https://dblp.org/rec/conf/cpaior/GeibingerKKMMW21.bib},
  bibsource    = {dblp computer science bibliography, https://dblp.org}
}

@inproceedings{NattafM20,
  author       = {Margaux Nattaf and
                  Arnaud Malapert},
  editor       = {Helmut Simonis},
  title        = {Filtering Rules for Flow Time Minimization in a Parallel Machine Scheduling
                  Problem},
  booktitle    = {Principles and Practice of Constraint Programming - 26th International
                  Conference, {CP} 2020, Louvain-la-Neuve, Belgium, September 7-11,
                  2020, Proceedings},
  series       = {Lecture Notes in Computer Science},
  volume       = {12333},
  pages        = {462--477},
  publisher    = {Springer},
  year         = {2020},
  url          = {https://doi.org/10.1007/978-3-030-58475-7\_27},
  doi          = {10.1007/978-3-030-58475-7\_27},
  timestamp    = {Tue, 08 Sep 2020 19:28:09 +0200},
  biburl       = {https://dblp.org/rec/conf/cp/NattafM20.bib},
  bibsource    = {dblp computer science bibliography, https://dblp.org}
}

@inproceedings{GroleazNS20,
  author       = {Lucas Groleaz and
                  Samba Ndojh Ndiaye and
                  Christine Solnon},
  editor       = {Helmut Simonis},
  title        = {Solving the Group Cumulative Scheduling Problem with {CPO} and {ACO}},
  booktitle    = {Principles and Practice of Constraint Programming - 26th International
                  Conference, {CP} 2020, Louvain-la-Neuve, Belgium, September 7-11,
                  2020, Proceedings},
  series       = {Lecture Notes in Computer Science},
  volume       = {12333},
  pages        = {620--636},
  publisher    = {Springer},
  year         = {2020},
  url          = {https://doi.org/10.1007/978-3-030-58475-7\_36},
  doi          = {10.1007/978-3-030-58475-7\_36},
  timestamp    = {Sat, 30 Sep 2023 09:37:47 +0200},
  biburl       = {https://dblp.org/rec/conf/cp/GroleazNS20.bib},
  bibsource    = {dblp computer science bibliography, https://dblp.org}
}

@inproceedings{DBLP:conf/gecco/GroleazNS20,
  author       = {Lucas Groleaz and
                  Samba Ndojh Ndiaye and
                  Christine Solnon},
  editor       = {Carlos Artemio Coello Coello},
  title        = {{ACO} with automatic parameter selection for a scheduling problem
                  with a group cumulative constraint},
  booktitle    = {{GECCO} '20: Genetic and Evolutionary Computation Conference, Canc{\'{u}}n
                  Mexico, July 8-12, 2020},
  pages        = {13--21},
  publisher    = {{ACM}},
  year         = {2020},
  url          = {https://doi.org/10.1145/3377930.3389818},
  doi          = {10.1145/3377930.3389818},
  timestamp    = {Sat, 30 Sep 2023 09:41:41 +0200},
  biburl       = {https://dblp.org/rec/conf/gecco/GroleazNS20.bib},
  bibsource    = {dblp computer science bibliography, https://dblp.org}
}

@inproceedings{Mercier-AubinGQ20,
  author       = {Alexandre Mercier{-}Aubin and
                  Jonathan Gaudreault and
                  Claude{-}Guy Quimper},
  editor       = {Emmanuel Hebrard and
                  Nysret Musliu},
  title        = {Leveraging Constraint Scheduling: {A} Case Study to the Textile Industry},
  booktitle    = {Integration of Constraint Programming, Artificial Intelligence, and
                  Operations Research - 17th International Conference, {CPAIOR} 2020,
                  Vienna, Austria, September 21-24, 2020, Proceedings},
  series       = {Lecture Notes in Computer Science},
  volume       = {12296},
  pages        = {334--346},
  publisher    = {Springer},
  year         = {2020},
  url          = {https://doi.org/10.1007/978-3-030-58942-4\_22},
  doi          = {10.1007/978-3-030-58942-4\_22},
  timestamp    = {Fri, 09 Apr 2021 18:54:31 +0200},
  biburl       = {https://dblp.org/rec/conf/cpaior/Mercier-AubinGQ20.bib},
  bibsource    = {dblp computer science bibliography, https://dblp.org}
}

@inproceedings{TangB20,
  author       = {Tanya Y. Tang and
                  J. Christopher Beck},
  editor       = {Emmanuel Hebrard and
                  Nysret Musliu},
  title        = {{CP} and Hybrid Models for Two-Stage Batching and Scheduling},
  booktitle    = {Integration of Constraint Programming, Artificial Intelligence, and
                  Operations Research - 17th International Conference, {CPAIOR} 2020,
                  Vienna, Austria, September 21-24, 2020, Proceedings},
  series       = {Lecture Notes in Computer Science},
  volume       = {12296},
  pages        = {431--446},
  publisher    = {Springer},
  year         = {2020},
  url          = {https://doi.org/10.1007/978-3-030-58942-4\_28},
  doi          = {10.1007/978-3-030-58942-4\_28},
  timestamp    = {Tue, 22 Sep 2020 17:23:48 +0200},
  biburl       = {https://dblp.org/rec/conf/cpaior/TangB20.bib},
  bibsource    = {dblp computer science bibliography, https://dblp.org}
}

@inproceedings{WessenCS20,
  author       = {Johan Wess{\'{e}}n and
                  Mats Carlsson and
                  Christian Schulte},
  editor       = {Emmanuel Hebrard and
                  Nysret Musliu},
  title        = {Scheduling of Dual-Arm Multi-tool Assembly Robots and Workspace Layout
                  Optimization},
  booktitle    = {Integration of Constraint Programming, Artificial Intelligence, and
                  Operations Research - 17th International Conference, {CPAIOR} 2020,
                  Vienna, Austria, September 21-24, 2020, Proceedings},
  series       = {Lecture Notes in Computer Science},
  volume       = {12296},
  pages        = {511--520},
  publisher    = {Springer},
  year         = {2020},
  url          = {https://doi.org/10.1007/978-3-030-58942-4\_33},
  doi          = {10.1007/978-3-030-58942-4\_33},
  timestamp    = {Thu, 16 Sep 2021 18:08:31 +0200},
  biburl       = {https://dblp.org/rec/conf/cpaior/WessenCS20.bib},
  bibsource    = {dblp computer science bibliography, https://dblp.org}
}

@inproceedings{ColT19,
  author       = {Giacomo Da Col and
                  Erich Christian Teppan},
  editor       = {Thomas Schiex and
                  Simon de Givry},
  title        = {Industrial Size Job Shop Scheduling Tackled by Present Day {CP} Solvers},
  booktitle    = {Principles and Practice of Constraint Programming - 25th International
                  Conference, {CP} 2019, Stamford, CT, USA, September 30 - October 4,
                  2019, Proceedings},
  series       = {Lecture Notes in Computer Science},
  volume       = {11802},
  pages        = {144--160},
  publisher    = {Springer},
  year         = {2019},
  url          = {https://doi.org/10.1007/978-3-030-30048-7\_9},
  doi          = {10.1007/978-3-030-30048-7\_9},
  timestamp    = {Mon, 23 Sep 2019 13:59:34 +0200},
  biburl       = {https://dblp.org/rec/conf/cp/ColT19.bib},
  bibsource    = {dblp computer science bibliography, https://dblp.org}
}

@inproceedings{FrimodigS19,
  author       = {Sara Frimodig and
                  Christian Schulte},
  editor       = {Thomas Schiex and
                  Simon de Givry},
  title        = {Models for Radiation Therapy Patient Scheduling},
  booktitle    = {Principles and Practice of Constraint Programming - 25th International
                  Conference, {CP} 2019, Stamford, CT, USA, September 30 - October 4,
                  2019, Proceedings},
  series       = {Lecture Notes in Computer Science},
  volume       = {11802},
  pages        = {421--437},
  publisher    = {Springer},
  year         = {2019},
  url          = {https://doi.org/10.1007/978-3-030-30048-7\_25},
  doi          = {10.1007/978-3-030-30048-7\_25},
  timestamp    = {Sat, 12 Oct 2019 12:51:45 +0200},
  biburl       = {https://dblp.org/rec/conf/cp/FrimodigS19.bib},
  bibsource    = {dblp computer science bibliography, https://dblp.org}
}

@inproceedings{GalleguillosKSB19,
  author       = {Cristian Galleguillos and
                  Zeynep Kiziltan and
                  Alina S{\^{\i}}rbu and
                  {\"{O}}zalp Babaoglu},
  editor       = {Thomas Schiex and
                  Simon de Givry},
  title        = {Constraint Programming-Based Job Dispatching for Modern {HPC} Applications},
  booktitle    = {Principles and Practice of Constraint Programming - 25th International
                  Conference, {CP} 2019, Stamford, CT, USA, September 30 - October 4,
                  2019, Proceedings},
  series       = {Lecture Notes in Computer Science},
  volume       = {11802},
  pages        = {438--455},
  publisher    = {Springer},
  year         = {2019},
  url          = {https://doi.org/10.1007/978-3-030-30048-7\_26},
  doi          = {10.1007/978-3-030-30048-7\_26},
  timestamp    = {Fri, 09 Apr 2021 18:53:27 +0200},
  biburl       = {https://dblp.org/rec/conf/cp/GalleguillosKSB19.bib},
  bibsource    = {dblp computer science bibliography, https://dblp.org}
}

@inproceedings{MurinR19,
  author       = {Stanislav Mur{\'{\i}}n and
                  Hana Rudov{\'{a}}},
  editor       = {Thomas Schiex and
                  Simon de Givry},
  title        = {Scheduling of Mobile Robots Using Constraint Programming},
  booktitle    = {Principles and Practice of Constraint Programming - 25th International
                  Conference, {CP} 2019, Stamford, CT, USA, September 30 - October 4,
                  2019, Proceedings},
  series       = {Lecture Notes in Computer Science},
  volume       = {11802},
  pages        = {456--471},
  publisher    = {Springer},
  year         = {2019},
  url          = {https://doi.org/10.1007/978-3-030-30048-7\_27},
  doi          = {10.1007/978-3-030-30048-7\_27},
  timestamp    = {Sun, 02 Oct 2022 15:58:03 +0200},
  biburl       = {https://dblp.org/rec/conf/cp/MurinR19.bib},
  bibsource    = {dblp computer science bibliography, https://dblp.org}
}


