@article{Hogan1986,
  title = {Concepts and Applications of Backup Coverage},
  volume = {32},
  ISSN = {1526-5501},
  url = {http://dx.doi.org/10.1287/mnsc.32.11.1434},
  DOI = {10.1287/mnsc.32.11.1434},
  number = {11},
  journal = {Management Science},
  publisher = {Institute for Operations Research and the Management Sciences (INFORMS)},
  author = {Hogan,  Kathleen and ReVelle,  Charles},
  year = {1986},
  month = nov,
  pages = {1434–1444}
}

@article{Schmid2010,
  title = {Ambulance location and relocation problems with time-dependent travel times},
  volume = {207},
  ISSN = {0377-2217},
  url = {http://dx.doi.org/10.1016/j.ejor.2010.06.033},
  DOI = {10.1016/j.ejor.2010.06.033},
  number = {3},
  journal = {European Journal of Operational Research},
  publisher = {Elsevier BV},
  author = {Schmid,  Verena and Doerner,  Karl F.},
  year = {2010},
  month = dec,
  pages = {1293–1303}
}

@article{Batta1989,
  title = {The Maximal Expected Covering Location Problem: Revisited},
  volume = {23},
  ISSN = {1526-5447},
  url = {http://dx.doi.org/10.1287/trsc.23.4.277},
  DOI = {10.1287/trsc.23.4.277},
  number = {4},
  journal = {Transportation Science},
  publisher = {Institute for Operations Research and the Management Sciences (INFORMS)},
  author = {Batta,  Rajan and Dolan,  June M. and Krishnamurthy,  Nirup N.},
  year = {1989},
  month = nov,
  pages = {277–287}
}

@article{Knight2012,
  title = {Ambulance allocation for maximal survival with heterogeneous outcome measures},
  volume = {40},
  ISSN = {0305-0483},
  url = {http://dx.doi.org/10.1016/j.omega.2012.02.003},
  DOI = {10.1016/j.omega.2012.02.003},
  number = {6},
  journal = {Omega},
  publisher = {Elsevier BV},
  author = {Knight,  V.A. and Harper,  P.R. and Smith,  L.},
  year = {2012},
  month = dec,
  pages = {918–926}
}

@article{Ball1993,
  title = {A Reliability Model Applied to Emergency Service Vehicle Location},
  volume = {41},
  ISSN = {1526-5463},
  url = {http://dx.doi.org/10.1287/opre.41.1.18},
  DOI = {10.1287/opre.41.1.18},
  number = {1},
  journal = {Operations Research},
  publisher = {Institute for Operations Research and the Management Sciences (INFORMS)},
  author = {Ball,  Michael O. and Lin,  Feng L.},
  year = {1993},
  month = feb,
  pages = {18–36}
}

@article{Schilling1979,
  title = {The Team/Fleet Models for Simultaneous Facility and Equipment Siting},
  volume = {13},
  ISSN = {1526-5447},
  url = {http://dx.doi.org/10.1287/trsc.13.2.163},
  DOI = {10.1287/trsc.13.2.163},
  number = {2},
  journal = {Transportation Science},
  publisher = {Institute for Operations Research and the Management Sciences (INFORMS)},
  author = {Schilling,  David and Elzinga,  D. Jack and Cohon,  Jared and Church,  Richard and ReVelle,  Charles},
  year = {1979},
  month = may,
  pages = {163–175}
}

@article{Ingolfsson2008,
  title = {Optimal ambulance location with random delays and travel times},
  volume = {11},
  ISSN = {1572-9389},
  url = {http://dx.doi.org/10.1007/s10729-007-9048-1},
  DOI = {10.1007/s10729-007-9048-1},
  number = {3},
  journal = {Health Care Management Science},
  publisher = {Springer Science and Business Media LLC},
  author = {Ingolfsson,  Armann and Budge,  Susan and Erkut,  Erhan},
  year = {2008},
  month = jan,
  pages = {262–274}
}

@article{Goldberg1990,
  title = {Validating and applying a model for locating emergency medical vehicles in Tuczon,  AZ},
  volume = {49},
  ISSN = {0377-2217},
  url = {http://dx.doi.org/10.1016/0377-2217(90)90402-w},
  DOI = {10.1016/0377-2217(90)90402-w},
  number = {3},
  journal = {European Journal of Operational Research},
  publisher = {Elsevier BV},
  author = {Goldberg,  Jeffrey and Dietrich,  Robert and Ming Chen,  Jen and Mitwasi,  M.George and Valenzuela,  Terry and Criss,  Elizabeth},
  year = {1990},
  month = dec,
  pages = {308–324}
}

@article{vandenBerg2015,
  title = {Time-dependent MEXCLP with start-up and relocation cost},
  volume = {242},
  ISSN = {0377-2217},
  url = {http://dx.doi.org/10.1016/j.ejor.2014.10.013},
  DOI = {10.1016/j.ejor.2014.10.013},
  number = {2},
  journal = {European Journal of Operational Research},
  publisher = {Elsevier BV},
  author = {van den Berg,  Pieter L. and Aardal,  Karen},
  year = {2015},
  month = apr,
  pages = {383–389}
}

@article{ToroDaz2013,
  title = {Joint location and dispatching decisions for Emergency Medical Services},
  volume = {64},
  ISSN = {0360-8352},
  url = {http://dx.doi.org/10.1016/j.cie.2013.01.002},
  DOI = {10.1016/j.cie.2013.01.002},
  number = {4},
  journal = {Computers &amp; Industrial Engineering},
  publisher = {Elsevier BV},
  author = {Toro-Díaz,  Hector and Mayorga,  Maria E. and Chanta,  Sunarin and McLay,  Laura A.},
  year = {2013},
  month = apr,
  pages = {917–928}
}

@article{Marianov1996,
  title = {The Queueing Maximal availability location problem: A model for the siting of emergency vehicles},
  volume = {93},
  ISSN = {0377-2217},
  url = {http://dx.doi.org/10.1016/0377-2217(95)00182-4},
  DOI = {10.1016/0377-2217(95)00182-4},
  number = {1},
  journal = {European Journal of Operational Research},
  publisher = {Elsevier BV},
  author = {Marianov,  Vladimir and ReVelle,  Charles},
  year = {1996},
  month = aug,
  pages = {110–120}
}

@article{Beraldi2004,
  title = {Designing robust emergency medical service via stochastic programming},
  volume = {158},
  ISSN = {0377-2217},
  url = {http://dx.doi.org/10.1016/s0377-2217(03)00351-5},
  DOI = {10.1016/s0377-2217(03)00351-5},
  number = {1},
  journal = {European Journal of Operational Research},
  publisher = {Elsevier BV},
  author = {Beraldi,  P. and Bruni,  M.E. and Conforti,  D.},
  year = {2004},
  month = oct,
  pages = {183–193}
}

@article{Marianov1994,
  title = {The queuing probabilistic location set covering problem and some extensions},
  volume = {28},
  ISSN = {0038-0121},
  url = {http://dx.doi.org/10.1016/0038-0121(94)90003-5},
  DOI = {10.1016/0038-0121(94)90003-5},
  number = {3},
  journal = {Socio-Economic Planning Sciences},
  publisher = {Elsevier BV},
  author = {Marianov,  Vladimir and Revelle,  Charles},
  year = {1994},
  month = jan,
  pages = {167–178}
}

@article{NaoumSawaya2013,
  title = {A stochastic optimization model for real-time ambulance redeployment},
  volume = {40},
  ISSN = {0305-0548},
  url = {http://dx.doi.org/10.1016/j.cor.2013.02.006},
  DOI = {10.1016/j.cor.2013.02.006},
  number = {8},
  journal = {Computers &amp; Operations Research},
  publisher = {Elsevier BV},
  author = {Naoum-Sawaya,  Joe and Elhedhli,  Samir},
  year = {2013},
  month = aug,
  pages = {1972–1978}
}

@article{Mandell1998,
  title = {Covering models for two-tiered emergency medical services systems},
  volume = {6},
  ISSN = {0966-8349},
  url = {http://dx.doi.org/10.1016/s0966-8349(98)00058-8},
  DOI = {10.1016/s0966-8349(98)00058-8},
  number = {1–4},
  journal = {Location Science},
  publisher = {Elsevier BV},
  author = {Mandell,  Marvin B.},
  year = {1998},
  month = may,
  pages = {355–368}
}

@article{Beraldi2009,
  title = {A probabilistic model applied to emergency service vehicle location},
  volume = {196},
  ISSN = {0377-2217},
  url = {http://dx.doi.org/10.1016/j.ejor.2008.02.027},
  DOI = {10.1016/j.ejor.2008.02.027},
  number = {1},
  journal = {European Journal of Operational Research},
  publisher = {Elsevier BV},
  author = {Beraldi,  P. and Bruni,  M.E.},
  year = {2009},
  month = jul,
  pages = {323–331}
}

@article{Nickel2016,
  title = {Ambulance location under stochastic demand: A sampling approach},
  volume = {8},
  ISSN = {2211-6923},
  url = {http://dx.doi.org/10.1016/j.orhc.2015.06.006},
  DOI = {10.1016/j.orhc.2015.06.006},
  journal = {Operations Research for Health Care},
  publisher = {Elsevier BV},
  author = {Nickel,  Stefan and Reuter-Oppermann,  Melanie and Saldanha-da-Gama,  Francisco},
  year = {2016},
  month = mar,
  pages = {24–32}
}

@article{Goldberg1990,
  title = {A simulation model for evaluating a set of emergency vehicle base locations: Development,  validation,  and usage},
  volume = {24},
  ISSN = {0038-0121},
  url = {http://dx.doi.org/10.1016/0038-0121(90)90017-2},
  DOI = {10.1016/0038-0121(90)90017-2},
  number = {2},
  journal = {Socio-Economic Planning Sciences},
  publisher = {Elsevier BV},
  author = {Goldberg,  Jeffrey and Dietrich,  Robert and Chen,  Jen Ming and Mitwasi,  Mousa and Valenzuela,  Terry and Criss,  Elizabeth},
  year = {1990},
  month = jan,
  pages = {125–141}
}

@article{Saydam2013,
  title = {The dynamic redeployment coverage location model},
  volume = {2},
  ISSN = {2047-6973},
  url = {http://dx.doi.org/10.1057/hs.2012.27},
  DOI = {10.1057/hs.2012.27},
  number = {2},
  journal = {Health Systems},
  publisher = {Informa UK Limited},
  author = {Saydam,  Cem and Rajagopalan,  Hari K and Sharer,  Elizabeth and Lawrimore-Belanger,  Kay},
  year = {2013},
  month = jul,
  pages = {103–119}
}

@article{McLay2009,
  title = {Evaluating emergency medical service performance measures},
  volume = {13},
  ISSN = {1572-9389},
  url = {http://dx.doi.org/10.1007/s10729-009-9115-x},
  DOI = {10.1007/s10729-009-9115-x},
  number = {2},
  journal = {Health Care Management Science},
  publisher = {Springer Science and Business Media LLC},
  author = {McLay,  Laura A. and Mayorga,  Maria E.},
  year = {2009},
  month = aug,
  pages = {124–136}
}

@article{Maleki2014,
  title = {Two new models for redeployment of ambulances},
  volume = {78},
  ISSN = {0360-8352},
  url = {http://dx.doi.org/10.1016/j.cie.2014.05.019},
  DOI = {10.1016/j.cie.2014.05.019},
  journal = {Computers &amp; Industrial Engineering},
  publisher = {Elsevier BV},
  author = {Maleki,  Mohammad and Majlesinasab,  Nahidsadat and Sepehri,  Mohammad Mehdi},
  year = {2014},
  month = dec,
  pages = {271–284}
}

@article{Carvalho2020,
  title = {Integrating the ambulance dispatching and relocation problems to maximize system’s preparedness},
  volume = {283},
  ISSN = {0377-2217},
  url = {http://dx.doi.org/10.1016/j.ejor.2019.11.056},
  DOI = {10.1016/j.ejor.2019.11.056},
  number = {3},
  journal = {European Journal of Operational Research},
  publisher = {Elsevier BV},
  author = {Carvalho,  A.S. and Captivo,  M.E. and Marques,  I.},
  year = {2020},
  month = jun,
  pages = {1064–1080}
}

@article{Blanger2012,
  title = {Déploiement et Redéploiement des Véhicules Ambulanciers dans la Gestion d’un Service Préhospitalier d’Urgence},
  volume = {50},
  ISSN = {1916-0615},
  url = {http://dx.doi.org/10.3138/infor.50.1.001},
  DOI = {10.3138/infor.50.1.001},
  number = {1},
  journal = {INFOR: Information Systems and Operational Research},
  publisher = {Informa UK Limited},
  author = {Bélanger,  Valérie and Ruiz,  Angel and Soriano,  Patrick},
  year = {2012},
  month = feb,
  pages = {1–30}
}

@article{ElItani2019,
  title = {A Bi-objective Covering Location Problem: Case of ambulance location in the Beirut area,  Lebanon},
  volume = {57},
  ISSN = {0025-1747},
  url = {http://dx.doi.org/10.1108/md-04-2018-0474},
  DOI = {10.1108/md-04-2018-0474},
  number = {2},
  journal = {Management Decision},
  publisher = {Emerald},
  author = {El Itani,  Bilal and Ben Abdelaziz,  Fouad and Masri,  Hatem},
  year = {2019},
  month = feb,
  pages = {432–444}
}

@inbook{Marianov2017,
  title = {Location Models for Emergency Service Applications},
  url = {http://dx.doi.org/10.1287/educ.2017.0172},
  DOI = {10.1287/educ.2017.0172},
  booktitle = {The Operations Research Revolution},
  publisher = {INFORMS},
  author = {Marianov,  Vladimir},
  year = {2017},
  month = sep,
  pages = {234–271}
}

@article{Enayati2018,
  title = {Ambulance redeployment and dispatching under uncertainty with personnel workload limitations},
  volume = {50},
  ISSN = {2472-5862},
  url = {http://dx.doi.org/10.1080/24725854.2018.1446105},
  DOI = {10.1080/24725854.2018.1446105},
  number = {9},
  journal = {IISE Transactions},
  publisher = {Informa UK Limited},
  author = {Enayati,  Shakiba and \"{O}zaltın,  Osman Y. and Mayorga,  Maria E. and Saydam,  Cem},
  year = {2018},
  month = mar,
  pages = {777–788}
}

@article{vanBuuren2018,
  title = {Ambulance Dispatch Center Pilots Proactive Relocation Policies to Enhance Effectiveness},
  volume = {48},
  ISSN = {1526-551X},
  url = {http://dx.doi.org/10.1287/inte.2017.0936},
  DOI = {10.1287/inte.2017.0936},
  number = {3},
  journal = {Interfaces},
  publisher = {Institute for Operations Research and the Management Sciences (INFORMS)},
  author = {van Buuren,  Martin and Jagtenberg,  Caroline and van Barneveld,  Thije and van der Mei,  Rob and Bhulai,  Sandjai},
  year = {2018},
  month = jun,
  pages = {235–246}
}

@article{Hajiali2022,
  title = {An interactive decision support system for real-time ambulance relocation with priority guidelines},
  volume = {155},
  ISSN = {0167-9236},
  url = {http://dx.doi.org/10.1016/j.dss.2021.113712},
  DOI = {10.1016/j.dss.2021.113712},
  journal = {Decision Support Systems},
  publisher = {Elsevier BV},
  author = {Hajiali,  Mahdi and Teimoury,  Ebrahim and Rabiee,  Meysam and Delen,  Dursun},
  year = {2022},
  month = apr,
  pages = {113712}
}

@article{Saydam2013,
  title = {The dynamic redeployment coverage location model},
  volume = {2},
  ISSN = {2047-6973},
  url = {http://dx.doi.org/10.1057/hs.2012.27},
  DOI = {10.1057/hs.2012.27},
  number = {2},
  journal = {Health Systems},
  publisher = {Informa UK Limited},
  author = {Saydam,  Cem and Rajagopalan,  Hari K and Sharer,  Elizabeth and Lawrimore-Belanger,  Kay},
  year = {2013},
  month = jul,
  pages = {103–119}
}

@article{vanBuuren2018,
  title = {Demand-point constrained EMS vehicle allocation problems for regions with both urban and rural areas},
  volume = {18},
  ISSN = {2211-6923},
  url = {http://dx.doi.org/10.1016/j.orhc.2017.03.001},
  DOI = {10.1016/j.orhc.2017.03.001},
  journal = {Operations Research for Health Care},
  publisher = {Elsevier BV},
  author = {van Buuren,  Martin and van der Mei,  Rob and Bhulai,  Sandjai},
  year = {2018},
  month = sep,
  pages = {65–83}
}

@article{Mayorga2013,
  title = {Districting and dispatching policies for emergency medical service systems to improve patient survival},
  volume = {3},
  ISSN = {1948-8319},
  url = {http://dx.doi.org/10.1080/19488300.2012.762437},
  DOI = {10.1080/19488300.2012.762437},
  number = {1},
  journal = {IIE Transactions on Healthcare Systems Engineering},
  publisher = {Informa UK Limited},
  author = {Mayorga,  Maria E. and Bandara,  Damitha and McLay,  Laura A.},
  year = {2013},
  month = jan,
  pages = {39–56}
}

@article{Boyac2015,
  title = {Approximation methods for large-scale spatial queueing systems},
  volume = {74},
  ISSN = {0191-2615},
  url = {http://dx.doi.org/10.1016/j.trb.2014.12.011},
  DOI = {10.1016/j.trb.2014.12.011},
  journal = {Transportation Research Part B: Methodological},
  publisher = {Elsevier BV},
  author = {Boyacı,  Burak and Geroliminis,  Nikolas},
  year = {2015},
  month = apr,
  pages = {151–181}
}

@inbook{Enayati2020,
  title = {Designing Ambulance Service Districts Under Uncertainty},
  ISBN = {9783030343125},
  ISSN = {2214-7934},
  url = {http://dx.doi.org/10.1007/978-3-030-34312-5_8},
  DOI = {10.1007/978-3-030-34312-5_8},
  booktitle = {Optimal Districting and Territory Design},
  publisher = {Springer International Publishing},
  author = {Enayati,  Shakiba and \"{O}zaltın,  Osman Y. and Mayorga,  Maria E.},
  year = {2020},
  pages = {153–170}
}

@article{Zhang2019,
  title = {Ambulance Deployment With Relocation Through Robust Optimization},
  volume = {16},
  ISSN = {1558-3783},
  url = {http://dx.doi.org/10.1109/tase.2018.2859349},
  DOI = {10.1109/tase.2018.2859349},
  number = {1},
  journal = {IEEE Transactions on Automation Science and Engineering},
  publisher = {Institute of Electrical and Electronics Engineers (IEEE)},
  author = {Zhang,  Ran and Zeng,  Bo},
  year = {2019},
  month = jan,
  pages = {138–147}
}

@article{Kergosien2021,
  title = {A capacity sharing approach to manage jointly transportation and emergency fleets at EMS organisations},
  volume = {61},
  ISSN = {1366-588X},
  url = {http://dx.doi.org/10.1080/00207543.2021.2018138},
  DOI = {10.1080/00207543.2021.2018138},
  number = {3},
  journal = {International Journal of Production Research},
  publisher = {Informa UK Limited},
  author = {Kergosien,  Yannick and Bélanger,  Valérie and Ruiz,  Angel},
  year = {2021},
  month = dec,
  pages = {880–897}
}
