@article{MejiaY20,
  author       = {Gonzalo Mej{\'{\i}}a and
                  Francisco Yuraszeck},
  title        = {A self-tuning variable neighborhood search algorithm and an effective
                  decoding scheme for open shop scheduling problems with travel/setup
                  times},
  journal      = {Eur. J. Oper. Res.},
  volume       = {285},
  number       = {2},
  pages        = {484--496},
  year         = {2020},
  url          = {https://doi.org/10.1016/j.ejor.2020.02.010},
  doi          = {10.1016/J.EJOR.2020.02.010},
  timestamp    = {Sat, 05 Sep 2020 17:55:01 +0200},
  biburl       = {https://dblp.org/rec/journals/eor/MejiaY20.bib},
  bibsource    = {dblp computer science bibliography, https://dblp.org}
}